3100 4967
269 306 308 368 10
622 302 648 358 S.
675 304 814 358 Aureli
842 305 1059 374 Augustini

266 497 358 579 primi
382 498 551 565 sacerdotii
574 498 606 564 in
629 498 747 564 infante
766 496 894 565 Christo
912 498 1045 582 impleta
1067 501 1241 578 narrantur,
1265 502 1299 565 et
1320 515 1415 583 quae·

267 623 403 689 cumque
426 605 488 670 alia
510 609 646 688 possunt
668 605 837 691 diligenter
854 604 988 684 aduerti,
1007 604 1124 689 quibus
1143 608 1293 691 appareat-
1309 606 1414 673 Lucas

266 711 473 776 intentionem
498 712 580 777 circa
603 730 770 795 personam
794 712 969 778 sacerdotia
991 712 1154 779 habuisse.
1177 713 1306 779 Marcus
1330 730 1415 797 ergo,

267 817 320 900 qui
345 836 445 901 neque
465 819 597 901 stirpem
615 819 736 903 regiam
755 838 858 902 neque
877 818 1105 886 sacerdotalem
1122 819 1177 885 uel
1195 821 1415 905 cognationem

189 961 193 969 ·
267 925 319 989 uel
351 924 620 991 consecrationem
652 944 775 991 narrare
807 926 913 992 uoluit
939 929 1104 991 ettamen
1130 926 1164 992 in
1191 926 1238 991 eis
1265 928 1414 993 namatus
1446 949 1462 991 s

267 1030 452 1109 ostenditur,
477 1048 557 1115 qnae
580 1031 675 1097 homo
700 1031 847 1098 Christus
871 1034 1020 1114 operatus
1044 1034 1104 1111 est,
1126 1035 1253 1099 mutum
1276 1032 1415 1099 hominis

265 1136 367 1223 figura
393 1137 424 1202 in
452 1138 518 1203 illis
548 1140 698 1221 quattuor
725 1139 916 1205 animalibus
944 1139 1143 1223 significatus
1170 1139 1308 1206 uidetur.
1336 1139 1416 1205 haec

265 1248 370 1309 numm
397 1243 544 1310 animalis
567 1246 637 1323 tria,
662 1246 732 1311 siue
756 1245 806 1311 leo
830 1245 901 1311 siue
924 1246 1019 1312 homo
1039 1244 1108 1312 siue
1126 1245 1263 1326 uitulus,
1280 1245 1313 1311 in
1331 1251 1416 1313 terra

266 1350 462 1435 gradiuntur,
485 1352 568 1418 unde
592 1352 648 1419 isti
671 1355 736 1417 tres
756 1352 973 1436 euangelistae
991 1353 1023 1418 in
1043 1352 1093 1420 his
1112 1352 1249 1419 marimo
1266 1354 1417 1438 occupati

266 1462 350 1534 suut,
374 1477 455 1541 quae
479 1458 627 1525 Christus
653 1458 686 1523 in
714 1477 807 1525 carne
834 1462 983 1543 operatus
1011 1464 1062 1525 eat
1083 1463 1116 1525 et
1138 1478 1220 1542 quae
1245 1464 1416 1545 praecepta
1435 1483 1461 1521 m

265 1564 409 1630 mortalis
432 1566 519 1631 uitae
543 1566 734 1632 exercendae
758 1586 882 1631 carnem
904 1567 1107 1649 portantibus
1124 1567 1264 1634 tradidit.
1288 1571 1322 1633 at
1339 1587 1415 1633 uero

265 1672 421 1737 lohannes
446 1690 541 1757 supra
564 1672 675 1738 nubila
697 1672 892 1739 infirmitatis
911 1672 1067 1739 humanae
1086 1675 1179 1739 uelut
1196 1673 1304 1758 aquila
1325 1672 1418 1741 uolat

265 1781 298 1843 et
310 1777 414 1843 lucem
428 1780 700 1845 incommutabilis
720 1780 866 1845 demntia
885 1779 1082 1846 acutissimis
1101 1780 1203 1864 adque
1221 1780 1416 1847 firmissimis

266 1885 368 1951 oculis
392 1885 496 1950 cordia
520 1887 670 1951 intuetur.

155 1986 241 2051 7.10
308 1992 376 2056 Has
409 1992 528 2058 domini
560 1997 686 2059 sanctas
721 1994 902 2078 quadrigas,
930 1993 1048 2076 quibus
1078 2012 1136 2078 per
1163 1994 1271 2061 orbem
1298 1999 1414 2061 uectus
1433 2016 1461 2057 m

265 2097 387 2183 subigit
418 2098 554 2182 populos
587 2099 651 2165 leni
680 2118 737 2165 suo
766 2099 842 2185 iugo
871 2102 905 2166 et
930 2100 1071 2167 sarcinae
1098 2101 1174 2179 leui,
1203 2102 1332 2184 quidam
1360 2100 1415 2169 uel

262 2204 361 2289 impia
383 2206 524 2271 uanitate
548 2206 600 2271 uel
622 2207 771 2289 imperita
793 2206 973 2273 temeritate
995 2208 1165 2275 calumniis
1188 2212 1353 2292 appetunt,
1376 2214 1415 2275 ut

263 2312 309 2375 eis
342 2313 464 2377 ueracis
496 2313 682 2378 narrationis
715 2314 868 2398 derogent
899 2313 1005 2392 fidem,
1036 2334 1093 2398 per
1124 2334 1205 2397 quos
1242 2315 1413 2382 christiana

262 2416 374 2502 religio
400 2418 606 2485 disseminata
632 2438 689 2503 per
716 2420 871 2486 mundum
894 2422 984 2485 tanta
1006 2421 1172 2489 fertilitate
1194 2422 1352 2504 prouenit,
1376 2426 1415 2487 ut

263 2524 406 2590 homines
428 2524 571 2591 infideles
594 2526 657 2591 iam
680 2526 761 2591 iuter
785 2545 819 2592 ae
842 2526 931 2609 ipsos
954 2527 1129 2594 calumnias
1147 2546 1223 2593 suas
1241 2529 1412 2595 mussitare
1429 2549 1457 2588 aa
1548 2515 1549 2518 ¹

354 2750 366 2804 l
388 2750 422 2805 ei.
442 2750 506 2805 Luc.
526 2752 552 2816 2,
570 2751 677 2805 22-24
730 2750 763 2806 12
784 2751 817 2807 ci.
838 2753 867 2806 in
885 2752 944 2806 ioh.
964 2769 1006 2807 en.
1026 2755 1061 2808 tr.
1082 2754 1124 2823 15,
1145 2755 1173 2820 1;
1193 2755 1237 2824 36,
1256 2756 1273 2810 5
1323 2756 1356 2809 16
1376 2756 1411 2810 ci.

266 2854 343 2893 serm.
363 2839 407 2904 51,
426 2838 452 2908 3,
470 2839 501 2904 4;
522 2839 555 2893 ci.
576 2840 691 2896 *Meton
711 2842 753 2906 11,
772 2841 808 2897 30

298 2964 420 3018 alaeam
439 2962 534 3018 A²SU
620 2964 637 3019 3
660 2980 803 3035 personam
827 2963 1024 3020 sacerdotalem
1046 2985 1071 3037 γ,
1094 2964 1244 3022 sacerdotis
1267 2983 1410 3037 personam

261 3052 385 3107 raetos
437 3070 543 3109 marcus
563 3056 639 3125 ergo]
659 3071 749 3109 marco
763 3055 812 3121 ΑΙ,
831 3056 917 3110 maria
935 3071 1000 3126 ergo
1014 3055 1049 3124 L,
1067 3072 1175 3111 marcus
1193 3072 1258 3111 uero
1276 3074 1293 3108 a
1328 3059 1347 3112 4
1365 3059 1410 3113 uel

262 3142 451 3211 cognationem
470 3159 522 3198 om.
541 3142 570 3198 R
624 3143 824 3199 ianimaiibue
840 3160 863 3199 e.
883 3144 901 3199 l.
919 3144 947 3199 L
1001 3144 1164 3201 animalibus
1182 3162 1205 3200 s.
1223 3163 1250 3200 u,
1268 3146 1297 3201 la
1316 3150 1410 3203 numm

262 3230 292 3283 in
309 3246 360 3301 neg.
379 3230 407 3287 R
479 3232 647 3302 significasse
666 3233 718 3287 Me
780 3234 877 3288 8trea
897 3232 968 3287 ΟΨι
1023 3234 1188 3305 boccupati
1206 3238 1270 3302 (on.
1289 3240 1364 3303 sunt)
1376 3253 1410 3306 p,

262 3322 480 3391 occupantnrN¹
534 3322 565 3377 11
586 3322 709 3377 moralis
727 3321 757 3386 S,
776 3322 931 3377 moralisD
985 3320 1139 3379 sult¹0¹1²
1192 3324 1413 3381 turonensisc

261 3411 353 3481 supra]
371 3426 453 3481 anper
473 3410 658 3483 GPVFplm
730 3412 764 3466 13
784 3413 823 3483 et]
842 3411 879 3467 ad
898 3411 956 3480 ΟΡ,
974 3428 1007 3467 ac
1029 3411 1056 3466 V
1127 3412 1161 3467 14
1180 3412 1269 3469 cordis
1288 3415 1374 3470 oculis
1392 3431 1411 3485 g

260 3500 400 3554 intueatur
416 3498 492 3564 E¹L,
511 3500 662 3555 intueretur
679 3500 722 3554 H¹
769 3502 802 3555 15
821 3502 881 3572 per]
901 3501 929 3555 in
947 3500 1056 3557 RTDd
1107 3503 1141 3558 16
1159 3502 1266 3573 subigit
1283 3503 1411 3575 B¹0MQ

260 3586 385 3642 HAEEL
394 3604 461 3657 crae
471 3605 490 3643 c
500 3604 514 3641 e
524 3589 577 3652 lm,
592 3589 693 3643 subicit
704 3589 811 3644 CPVF
818 3588 888 3660 μξοψ
892 3607 925 3659 p,
934 3590 1045 3661 subegit
1052 3590 1225 3661 dasburgo
1230 3608 1280 3662 gr,
1290 3591 1410 3649 subiecit

259 3676 375 3736 RrDa
466 3678 584 3749 populus
605 3678 674 3749 ΟΨ,
692 3680 732 3735 nic
749 3696 832 3749 saepe
919 3680 975 3735 lina
997 3680 1038 3750 0¹,
1057 3681 1118 3737 lene
1140 3680 1209 3752 ΟΨ,
1228 3682 1285 3737 leni
1303 3699 1410 3753 ‹opgu

260 3768 391 3837 sarcinae]
412 3766 447 3835 cf.
466 3782 544 3823 eom.
566 3770 608 3837 11,
630 3771 662 3835 5,·
683 3772 730 3837 70,
749 3772 778 3833 1,·
797 3785 838 3838 ep.
857 3771 907 3837 26,
928 3772 960 3837 6,·
978 3773 1044 3837 167,
1065 3774 1117 3836 33,
1135 3786 1178 3825 cn.
1197 3770 1230 3825 in
1245 3788 1288 3842 po.
1307 3775 1354 3840 13,
1376 3776 1408 3839 4,·

262 3856 480 3923 67,18;deeor.
500 3856 555 3913 clar.
576 3860 603 3921 2,
625 3860 665 3922 11,
688 3862 740 3925 62,
758 3858 797 3912 ol.
818 3861 897 3927 (onus
916 3861 943 3927 c)
1014 3860 1076 3915 leue
1097 3857 1159 3915 ΟΨ
1227 3861 1259 3915 17
1279 3859 1409 3931 inperitia

259 3944 332 4015 (imp.
355 3943 390 4014 T)
408 3946 554 4001 neritum
572 3946 629 4002 ΕΤ
699 3946 916 4002 calumniam
971 3947 1004 4004 18
1024 3948 1075 4019 eis]
1093 3949 1122 4003 in
1142 3950 1182 4003 eia
1199 3948 1237 4005 u
1298 3950 1332 4005 19
1351 3947 1409 4004 dis·

259 4034 387 4089 sintinata
412 4034 473 4089 ΟΨ
578 4038 658 4091 tanta
685 4035 868 4091 tantillitatem
895 4036 963 4105 ΟΨ,
987 4038 1021 4092 ad
1048 4041 1155 4093 tantam
1182 4036 1355 4094 fertilitatem
1384 4040 1411 4093 V

258 4122 293 4177 20
311 4123 429 4178 hominis
452 4122 483 4179 θ’
588 4124 707 4179 infidelis
729 4122 791 4179 ΟΨ
878 4126 1023 4182 mussitare
1041 4126 1080 4180 B⁸
1095 4128 1200 4197 reim,
1218 4128 1367 4183 muscitare
1384 4146 1407 4198 r,

258 4215 389 4269 musitare
408 4219 456 4269 cet.
