3100 4967
619 320 836 375 Praelatio.
1244 323 1306 389 VH

152 520 258 581 tamen
287 517 457 581 nonnullos
485 513 590 580 adbuc
618 514 825 580 calumniosis
855 514 1127 598 disputationibus
1155 518 1223 581 suis
1251 516 1305 582 uel

151 621 358 688 retardabant
384 642 404 687 3
430 620 492 687 fide
508 669 516 685 .
533 674 539 686 .
554 622 608 686 uel
640 621 703 685 iam
736 621 901 687 credentes
917 672 925 686 .
941 672 948 689 .
964 623 1150 708 exagitando
1182 627 1306 705 pertur-

149 729 291 795 babant'.
324 728 530 811 quamobrem
561 727 776 813 Augustinus,
809 747 883 793 cum
916 747 970 794 eos
1006 729 1209 815 intellegeret
1245 732 1306 795 boc

150 836 288 900 inarime
317 835 451 913 obicere,
480 833 566 917 quocl
592 834 656 919 ipsi
684 835 903 919 euangelistae
926 834 1008 901 inter
1030 855 1065 902 se
1089 836 1305 913 dissentirent,

149 944 281 1025 argutas
322 960 432 1007 eorum
470 940 706 1007 criminationes
743 945 852 1007 contra
888 943 1054 1027 euangelia
1083 942 1229 1009 refellere
1259 944 1307 1009 ita

148 1049 303 1125 decreuit,
326 1052 365 1113 ut
382 1040 544 1113 sacrorum
563 1048 754 1132 scriptorum
773 1049 806 1113 in
825 1049 973 1115 omnibus
996 1052 1091 1116 rebus
1115 1069 1305 1117 consensum

149 1153 391 1220 demonstraret.
417 1173 512 1237 quare
536 1154 634 1219 libros
659 1153 698 1219 de
721 1154 863 1220 trinitate
886 1156 1087 1239 interponens
1105 1156 1213 1221 labore
1233 1176 1306 1222 con·

146 1260 239 1325 tinno
262 1260 361 1325 libros
385 1261 537 1342 quattuor
555 1259 592 1324 de
612 1278 768 1326 consensu
788 1260 1057 1345 euangelistarum
1081 1262 1220 1344 scripsit.
1243 1262 1305 1327 boc

148 1386 243 1450 opus,
268 1366 353 1449 qnod
376 1365 543 1432 Possidius
567 1366 599 1431 in
616 1366 757 1432 indiculo
776 1367 860 1432 inter
878 1387 972 1451 opera
989 1369 1142 1435 aduersus
1162 1387 1304 1453 paganos

150 1474 272 1555 scripta
305 1476 543 1552 commemorat,
574 1474 608 1538 in
641 1473 719 1539 duas
753 1476 860 1557 partes
897 1473 1036 1540 diuisum
1073 1478 1131 1553 est,
1170 1494 1304 1556 quarum

147 1579 237 1660 prior
269 1580 349 1645 libro
382 1579 484 1662 primo
517 1581 697 1645 continetur
728 1578 882 1645 aduersus
914 1580 988 1645 illos
1022 1581 1210 1664 conscripta,
1249 1580 1305 1662 qui

147 1690 315 1769 tamquam
343 1685 521 1769 sapientem
550 1686 711 1751 Christum
740 1686 896 1751 honorant
924 1691 955 1751 et
979 1687 1049 1753 ideo
1073 1688 1186 1752 nolunt
1210 1704 1304 1751 euan-

149 1792 245 1877 geliis
280 1792 415 1868 credere,
449 1792 523 1875 quia
555 1812 615 1857 non
645 1793 683 1857 ab
712 1792 782 1876 ipso
812 1794 929 1876 scripta
957 1799 1042 1871 sunt,
1071 1794 1128 1859 sed
1160 1793 1199 1857 ab
1234 1794 1304 1859 eius

150 1899 333 1980 discipulis,
359 1917 438 1981 quos
465 1898 645 1963 existimant
670 1898 871 1963 diuinitatem
896 1898 925 1963 ei
949 1918 1050 1965 errore
1072 1898 1235 1965 tribuisse.

193 2004 231 2069 ln
246 2005 305 2069 hac
320 2006 423 2088 priore
439 2005 703 2071 commentatione
720 2005 822 2071 multa
836 2005 1037 2090 Augustinus
1053 2010 1085 2070 st
1097 2006 1302 2089 profanorum

147 2116 181 2176 et
205 2112 494 2177 ecclesiasticorum
523 2116 689 2178 auctorum
718 2111 804 2177 dicta
831 2117 1058 2177 commemorat
1081 2114 1134 2177 nol
1161 2112 1301 2196 attingit.

147 2238 221 2283 nam
240 2220 279 2283 ut
301 2224 424 2283 taceam
448 2219 485 2283 de
511 2218 659 2293 Varrone,
680 2218 841 2297 Cicerone,
859 2218 971 2293 Ennio,
991 2220 1144 2305 Vergilio,
1164 2220 1301 2298 Lucano,

145 2326 292 2401 Platone,
311 2324 479 2391 nonnullas
498 2325 760 2408 philosophorum
782 2330 886 2391 sectas
901 2326 1100 2411 Pythagorae
1115 2326 1301 2409 Socratique

144 2430 291 2496 addictas
312 2430 412 2509 affert,
426 2432 616 2497 recentiores
635 2432 819 2498 Platonicos
837 2432 957 2509 laudat,
979 2452 995 2498 e
1016 2452 1151 2516 quorum
1171 2450 1301 2497 numero

145 2538 209 2601 etsi
232 2537 444 2622 Porphyrium
463 2538 588 2602 nomine
608 2541 845 2616 commemorat,
865 2541 971 2603 tamon
991 2540 1085 2604 etiam
1106 2539 1186 2603 alios
1205 2539 1301 2603 huius

143 2644 287 2709 familiae
310 2634 468 2726 principes
491 2645 555 2709 iam
578 2646 648 2709 tum
676 2645 829 2728 temporis
857 2646 987 2711 nouisse
1010 2646 1148 2724 uidetur,
1172 2646 1300 2710 cumin

143 2750 237 2815 libris
267 2750 508 2816 Confessionum
540 2756 618 2816 tunc
651 2752 839 2835 conscriptis
877 2753 1032 2835 quosdam
1063 2752 1299 2817 Platonicorum

143 2857 246 2921 libros
271 2873 307 2921 er
332 2856 451 2922 Graeco
477 2876 619 2922 sermone
647 2858 678 2921 in
703 2858 852 2923 Latinum
876 2876 987 2923 uersos
1016 2859 1192 2942 selegisse
1216 2858 1301 2922 dicat

145 2968 179 3029 et
200 2964 233 3027 in
253 2964 343 3030 libris
364 2965 401 3030 ds
422 2965 553 3030 ciuitate
573 2965 623 3029 dei
642 2973 765 3047 praeter
784 2966 996 3050 Porphyrium
1021 2967 1117 3031 etiam
1136 2965 1299 3030 Plotinum

145 3074 179 3135 et
201 3070 398 3153 Appuleium
419 3072 452 3134 in
477 3090 572 3136 usum
593 3090 686 3135 suum
707 3075 882 3137 conuertat
905 3076 1000 3153 atque
1020 3072 1060 3136 ad
1078 3073 1158 3136 hano
1179 3077 1299 3136 sectam

145 3178 302 3258 pertinere
326 3178 421 3243 etiam
444 3179 584 3242 incertus
611 3177 666 3242 ille
690 3177 900 3262 philosophus
924 3179 1061 3259 uidetur,
1091 3179 1129 3243 de
1158 3197 1219 3261 quo
1244 3181 1298 3255 45,

145 3288 166 3349 3
194 3284 273 3348 haec
301 3260 394 3349 liciti
427 3284 543 3348 anucco
570 3282 725 3364 praecedam
753 3304 859 3348 eorum
887 3283 989 3348 dicere
1016 3306 1049 3348 se
1077 3285 1186 3365 legisse
1212 3283 1300 3363 capsael

145 3391 248 3455 3333313
280 3410 371 3471 pascae
397 3388 616 3472 philosopham
649 3390 731 3471 qood
762 3412 799 3455 cc
831 3394 876 3456 eie
908 3411 988 3472 qliae
1017 3390 1132 3454 Ircdoee'
1164 3393 1200 3453 io
1231 3391 1299 3453 sacis

144 3496 353 3561 sacrementis
375 3503 503 3579 agereret
524 3496 726 3563 intellexisset
749 3519 838 3579 qoem
856 3498 946 3562 deum
971 3498 1114 3562 colerent:
1132 3497 1298 3578 praeposi-

144 3608 220 3681 toar,
243 3606 357 3688 tapete,
380 3606 511 3667 istorum
530 3604 754 3684 obcaecatorum,
778 3605 889 3689 pacibus
911 3606 968 3669 iste
990 3604 1296 3684 313113111331333133ὁ

144 3730 220 3775 rea-s
232 3709 371 3774 mandas
385 3714 541 3775 extructus
554 3716 608 3789 est,
630 3730 708 3794 quae
729 3713 835 3788 uerba,
856 3712 882 3777 si
903 3712 935 3776 in
950 3710 1104 3777 Graecum
1120 3730 1295 3775 sermonem

145 3816 293 3891 uerteris,
317 3816 378 3880 hoc
405 3817 469 3881 iere
492 3818 585 3882 modo
610 3817 781 3899 exprimas:
808 3821 862 3882 τὸν
884 3819 1061 3903 προστάτην
1083 3817 1207 3881 ἐκείνων
1235 3826 1296 3881 τῶν

147 3921 318 4007 στοιχείων,
332 3921 365 3999 ἐξ
385 3924 427 3985 ὧν
447 3924 462 3987 ὁ
482 3925 593 4007 ὁρατὸς
615 3926 669 3987 καὶ
692 3928 867 4010 capocrate
889 3926 1008 4011 κόσμος
1032 3925 1295 4011 δεδημιούργηται.

147 4048 198 4093 am
215 4028 343 4093 collatis
363 4028 420 4105 eis,
437 4044 516 4111 quae
532 4031 616 4113 apud
631 4031 807 4096 Eusebium
823 4050 930 4116 praep.
945 4051 1058 4117 euang.
1075 4035 1103 4114 7,
1120 4034 1157 4095 11
1176 4033 1296 4113 scripta

144 4134 296 4218 legimus,
320 4134 478 4217 suspicari
499 4135 575 4201 licet
597 4136 790 4203 Numenium
814 4138 915 4204 fuisse
937 4139 1037 4204 istum
1056 4138 1294 4222 philosophum,

145 4244 185 4304 ut
208 4240 305 4305 etiam
323 4240 488 4307 Theodoro
508 4240 664 4327 Gompcrz
684 4244 820 4309 uidetur,
844 4265 1037 4329 quamquam
1055 4248 1088 4311 in
1107 4242 1294 4329 fragmentis
