3100 4967
263 260 328 324 128
619 258 645 310 S.
675 255 810 309 Aureli
841 254 1059 323 Augustini

260 455 344 532 runt,
371 451 648 518 reminiscentibus
676 469 737 515 non
766 450 878 516 eodem
907 450 1002 515 modo
1031 449 1132 534 adque
1156 434 1276 516 eisdem
1304 449 1415 516 uerbis

261 560 371 625 eadem
394 563 501 624 tamen
524 578 574 623 res
597 557 696 623 fuerit
713 556 863 636 indicata,
883 561 938 622 aut
957 558 1026 622 siue
1045 559 1188 622 mutetur
1206 557 1281 622 ordo
1301 558 1415 622 nerbo-

259 684 341 745 rum,
374 667 443 732 siue
476 665 540 730 alia
570 684 626 748 pro
659 664 731 729 aliis
769 683 850 746 quae
887 669 992 729 tamen
1028 663 1113 729 idem
1150 665 1279 729 ualeant
1314 665 1417 730 uerba

258 775 467 857 proferantur,
495 772 565 836 siue
593 769 714 852 aliquid
741 770 795 834 uel
823 769 907 853 quod
935 769 1113 836 recordanti
1146 789 1207 836 non
1240 771 1416 836 occurrerit

258 880 312 945 uel
331 878 415 962 quod
434 899 471 944 ex
493 878 565 944 aliis
584 895 665 960 quae
683 876 835 941 dicuntur
857 877 960 962 possit
983 877 1128 961 intellegi
1150 878 1255 942 minue
1276 876 1413 954 dicatur,
1445 901 1458 942 s

258 988 329 1052 siue
351 986 486 1051 aliorum
511 1003 592 1067 quae
614 983 718 1068 magis
742 982 847 1048 dicere
867 984 981 1048 statuit
999 984 1224 1049 narrandorum
1243 983 1357 1068 gratia,
1377 989 1416 1048 ut

258 1111 418 1178 congruus
450 1092 603 1175 temporie
636 1090 751 1155 modus
785 1089 934 1169 sufficiat
968 1090 1088 1172 aliquid
1118 1090 1179 1156 sibi
1211 1109 1273 1156 non
1304 1093 1413 1156 totum

259 1198 488 1283 explicandum,
513 1197 570 1263 sed
593 1216 629 1260 ex
652 1200 741 1280 parte
764 1197 961 1280 tangendum
985 1197 1121 1280 quisque
1149 1197 1316 1281 suscipiat,
1342 1193 1413 1263 s'iue

258 1307 298 1372 ad
329 1304 578 1371 inluminandam
617 1303 900 1386 declarandamque
940 1303 1129 1370 sententiam
1165 1304 1246 1368 nihil
1281 1304 1412 1388 quidem

257 1433 373 1492 rerum,
396 1412 568 1477 uerborum
591 1414 698 1477 tamen
721 1411 843 1493 aliquid
867 1410 971 1491 addat,
990 1412 1043 1476 oui
1066 1412 1240 1478 auctoritas
1264 1411 1411 1476 narrandi
1432 1439 1456 1477 11

258 1537 408 1587 concessa
430 1522 490 1598 est,
514 1518 583 1583 siue
606 1537 673 1583 rem
696 1517 774 1582 bene
803 1519 914 1582 tenens
943 1537 1003 1583 non
1033 1518 1236 1602 adsequatur,
1260 1519 1411 1602 quamuis

255 1628 290 1691 id
313 1627 454 1703 conetur,
473 1623 655 1688 memoriter
677 1625 774 1688 etiam
797 1625 906 1700 uerba,
926 1643 1006 1707 quae
1030 1624 1164 1704 audiuit,
1185 1626 1225 1691 ad
1247 1625 1412 1710 integrum

256 1733 429 1800 enuntiare.
454 1731 600 1814 quisquis
624 1733 732 1795 autem
756 1730 835 1795 dicit
859 1731 1066 1815 euangelistis
1091 1734 1175 1796 certe
1198 1751 1254 1816 per
1276 1732 1411 1816 spiritus

257 1841 359 1906 sancti
381 1837 557 1922 potentiam
578 1837 613 1901 id
636 1837 787 1902 debuisse
812 1837 951 1914 concedi,
971 1842 1007 1903 ut
1030 1857 1088 1903 nec
1110 1839 1143 1902 in
1167 1857 1278 1924 genere
1297 1840 1411 1904 uerbo·

256 1966 327 2012 rum
349 1964 408 2009 nec
430 1945 462 2008 in
487 1944 595 2009 ordine
619 1963 677 2008 nec
700 1943 884 2011 innumero
909 1944 1134 2028 discreparent,
1153 1965 1214 2011 non
1237 1945 1409 2030 intellegit
1431 1971 1453 2012 1⁵

256 2059 374 2135 quanto
398 2050 536 2132 amplias
560 2051 830 2134 euangelistarum
850 2051 976 2116 excellit
994 2052 1177 2131 auctoritas,
1195 2055 1283 2118 tanto
1303 2054 1409 2137 magis

254 2179 312 2242 per
333 2177 388 2224 eos
411 2157 512 2223 faisse
530 2156 715 2222 firmandam
734 2161 911 2223 ceterorum
931 2158 1093 2223 hominum
1112 2177 1189 2224 uera
1205 2158 1410 2241 loquentium

255 2263 470 2342 securitatem,
493 2266 532 2328 ut
553 2263 699 2347 pluribus
728 2263 859 2328 eandem
887 2283 953 2328 rem
981 2264 1062 2328 forte
1090 2265 1289 2330 narrantibus
1319 2264 1409 2331 nullo

253 2371 348 2436 modo
382 2371 553 2453 quisquam
584 2388 693 2435 eorum
726 2369 764 2434 de
797 2369 961 2435 mendacio
993 2373 1079 2436 recte
1112 2374 1273 2456 arguatur,
1306 2372 1335 2436 si
1369 2372 1408 2436 ab

254 2477 354 2543 altero
367 2477 414 2541 ita
428 2477 667 2559 discrepauerit‚
681 2478 719 2540 ut
736 2477 841 2559 possit
860 2478 956 2542 etiam
976 2477 1243 2562 euangelisterum
1262 2478 1408 2562 exemplo
1426 2506 1451 2546 ro

253 2583 460 2667 praecedente
493 2583 630 2648 defendi.
663 2603 735 2648 cum
769 2584 853 2648 enim
884 2583 933 2650 fos
965 2603 1026 2650 non
1060 2585 1104 2650 eit
1135 2584 1408 2670 euangelistarum

254 2689 394 2773 aliquem
412 2689 583 2755 mentitum
601 2690 703 2756 fuisse
718 2691 772 2754 uel
792 2691 970 2756 existimare
984 2692 1038 2756 uel
1051 2691 1165 2770 dicere,
1181 2692 1227 2757 sic
1242 2693 1410 2775 apparebit

254 2815 311 2861 nec
334 2815 407 2860 eum
430 2796 532 2861 fuisse
556 2799 735 2872 mentitum,
755 2798 807 2862 cui
825 2797 1002 2863 recordanti
1020 2799 1085 2864 tale
1103 2798 1225 2880 aliquid
1242 2799 1407 2878 acciderit,

254 2902 348 2984 quale
374 2901 441 2966 illie
470 2903 624 2968 accidisse
651 2907 855 2970 monstratur,
885 2906 917 2968 ct
944 2908 1061 2988 quanto
1093 2905 1197 2990 magis
1229 2904 1270 2968 ad
1299 2925 1406 2971 mores

254 3009 392 3092 optimos
416 3009 554 3091 pertinet
576 3029 688 3075 cauere
707 3011 919 3089 mendacium,
938 3014 1026 3077 tanto
1047 3012 1147 3096 magis
1167 3017 1234 3078 tam
1252 3013 1407 3079 eminenti
1423 3039 1447 3079 re
1534 3103 1535 3121 χ

290 3268 411 3324 lisdem
431 3270 468 3323 Αἱ
536 3271 704 3342 2111111119,
724 3273 992 3343 explicataprocl
1064 3275 1124 3345 aut]
1141 3277 1173 3329 ut
1193 3275 1301 3331 GPVF
1315 3275 1409 3332 HAU

255 3379 274 3412 α
291 3360 354 3413 ael
424 3362 484 3413 siue
503 3377 538 3414 nr.
557 3378 582 3414 o.
601 3361 745 3415 uerborum
763 3379 816 3416 om.
838 3360 861 3430 Q
922 3365 940 3416 4
959 3363 1159 3434 prophetantur
1176 3363 1213 3427 Β,
1231 3363 1372 3433 proferant
1391 3383 1407 3420 1·

253 3445 413 3501 recondanti
431 3446 487 3503 ΕΙ,
594 3451 740 3504 occurrerit
757 3450 793 3514 Β,
813 3453 931 3506 eccunit
948 3457 1005 3520 cet,
1024 3451 1085 3506 edd.
1186 3453 1202 3506 5
1221 3453 1293 3522 aliis]
1314 3455 1371 3508 illis
1390 3471 1406 3508 1·

253 3537 270 3590 6
290 3536 399 3590 istatuit
417 3536 445 3589 Β
517 3539 549 3590 ut
566 3554 617 3590 om.
640 3537 736 3604 OPF¹‚
754 3556 776 3594 e.
797 3540 815 3596 1.
836 3539 902 3594 add.
920 3539 962 3595 Ρη
1015 3541 1143 3594 7111111111
1162 3545 1194 3595 ut
1211 3543 1342 3612 temporis
1360 3544 1406 3612 (ut

253 3641 274 3679 r.
295 3625 312 3678 l.
334 3623 364 3689 Ο,
383 3641 453 3680 crea.
472 3625 515 3691 F)
542 3625 638 3695 ΟΡΡἾ,
661 3627 757 3681 modus
780 3631 896 3698 temperi
921 3629 951 3694 V,
971 3647 1006 3684 nr.
1024 3629 1193 3700 temporisp
1300 3633 1405 3687 sufficit

252 3710 410 3768 Homo
479 3713 543 3784 sibi]
564 3715 621 3768 siue
632 3715 669 3776 B,
689 3717 711 3768 11
725 3715 783 3770 RT
839 3719 868 3770 ll
890 3734 918 3771 re
936 3717 976 3771 B¹
995 3718 1044 3772 ΟΡ
1115 3720 1228 3789 quaenie
1245 3719 1407 3777 HAmLU

255 3800 661 3872 12111]1111111113111132
712 3805 744 3859 13
763 3807 889 3860 nuntiare
911 3807 960 3861 ΟΡ
1012 3809 1185 3877 14111111111
1205 3807 1255 3862 ΟΡ
1308 3827 1404 3880 gerere

252 3888 319 3943 E¹L
366 3891 397 3944 ll
416 3890 586 3946 ferruraudarn
604 3891 708 3948 HA²r
754 3893 1234 3966 1811111111]11111111111111111111·
1276 3899 1308 3954 19
1326 3916 1403 3954 men·

254 3977 329 4032 datio
350 3979 400 4033 ΟΡ
416 3979 483 4035 mu
573 3983 608 4037 20
626 3983 668 4036 ita
684 3999 769 4041 eote
864 3987 897 4039 21
918 3988 988 4056 curn]
1010 4003 1089 4056 quam
1109 3987 1137 4040 B
1227 3989 1262 4043 23
1280 3988 1332 4043 tali
1353 3988 1405 4044 ΟΡ

252 4067 388 4122 accideret
409 4068 495 4124 OPF¹
566 4071 703 4126 accedisse
723 4072 747 4143 Q
764 4073 799 4126 H
858 4076 1120 4143 ecquandone?
1177 4077 1212 4129 25
1230 4076 1401 4132 mendatium

254 4154 304 4208 ΟΡ
374 4158 504 4212 eminenti
521 4159 608 4215 ΒΗΤ
622 4161 659 4214 Μ
675 4161 789 4215 AELU
803 4163 871 4232 pel,
891 4163 1013 4218 euidenti
1037 4165 1069 4230 V,
1089 4166 1225 4220 eminente
1244 4172 1292 4221 oct.
