3100 4967
293 316 356 379 208
638 312 664 364 S.
694 312 831 365 Aureli
859 311 1077 379 Augustini

292 506 375 587 quod
395 506 557 569 Mattheus
578 504 719 569 dimissis
736 504 839 567 turbis
854 524 926 567 eum
946 503 1024 566 dicit
1042 503 1224 567 ascendisse
1242 504 1430 581 tumentem,

290 616 328 677 ut
354 612 421 675 iilic
449 612 536 675 solus
567 615 677 685 oraret,
706 611 861 674 Iohannes
892 614 1000 673 autem
1031 610 1063 672 in
1094 613 1202 674 mente
1231 610 1342 688 fuisse,
1365 630 1431 674 cunr

292 720 418 783 easdem
445 719 554 783 turbas
583 718 620 781 de
654 718 793 799 quinque
823 718 956 799 panibus
984 717 1084 798 pauit.
1117 716 1173 779 sed
1201 735 1275 780 cum
1308 720 1340 779 et
1369 717 1431 798 ipse
1528 777 1529 780 ,

290 825 444 889 Iohannes
469 824 554 888 dicat
577 828 651 907 post
672 824 753 887 illud
777 823 968 887 miraculum
992 823 1114 905 fugisse
1137 841 1210 885 eum
1233 823 1266 885 in
1290 826 1431 898 montem,

290 952 327 995 ne
348 952 366 995 a
383 932 486 996 turbis
508 936 678 1013 teneretur,
698 950 779 1013 quae
802 949 875 993 eum
900 929 1051 993 uolebant
1072 948 1178 1011 regem
1198 928 1430 1011 facerentque
1458 943 1470 982 ⁵

290 1039 494 1103 manifestum
524 1042 583 1116 est,
616 1038 700 1119 qued
739 1038 776 1101 de
814 1041 921 1100 monte
958 1037 990 1099 in
1027 1037 1169 1119 planiora
1202 1036 1430 1109 descenderant,

290 1146 414 1229 quande
437 1146 487 1209 illi
510 1164 607 1227 panes
631 1146 733 1209 turbis
758 1143 930 1209 ministrati
954 1147 1037 1208 sunt.
1061 1148 1093 1206 et
1116 1143 1186 1206 ideo
1211 1161 1272 1207 non
1296 1150 1345 1207 est
1366 1125 1431 1206 cen·
1528 1227 1529 1236 ἵ

287 1254 429 1331 trariurn,
455 1252 540 1333 qued
568 1252 711 1316 ascendit
737 1270 848 1315 rursus
876 1252 908 1313 in
937 1254 1087 1326 montem,
1112 1251 1198 1312 sicut
1220 1252 1252 1312 at
1274 1249 1431 1312 Mattheus
1528 1273 1529 1338 j

289 1363 321 1423 et
356 1360 511 1424 Iohannes
549 1359 668 1435 dieunt,
706 1359 767 1421 nisi
806 1358 890 1440 qued
926 1357 1090 1422 Mattheus
1133 1357 1229 1420 dixit:
1254 1356 1430 1430 ascendit,
1528 1387 1529 1406 1

288 1466 442 1530 Iohannes
467 1470 588 1529 autern:
614 1466 722 1549 fugit,
744 1465 829 1546 qued
848 1466 934 1529 esset
953 1464 1154 1539 centrarium,
1175 1464 1204 1527 si
1226 1464 1353 1547 fugiens
1375 1484 1430 1527 non
1448 1481 1467 1514 1⁰

288 1572 480 1636 ascenderet.
503 1591 560 1635 nec
583 1570 663 1635 iliud
686 1574 843 1654 repugnat
861 1571 945 1653 quod
965 1571 1128 1633 Mattheus
1148 1570 1240 1633 dixit:
1265 1570 1431 1633 ascendit

286 1679 322 1742 in
336 1682 498 1742 montem
515 1680 621 1744 solus
642 1697 756 1755 erare,
770 1678 927 1741 Iohannes
944 1684 1065 1739 autem:
1080 1695 1162 1739 cnm
1178 1676 1430 1759 cognouisset

286 1785 399 1866 inquit,
434 1786 521 1865 quia
552 1785 706 1849 uenturi
739 1788 877 1860 essent,
912 1787 952 1847 ut
984 1783 1156 1847 facerent
1187 1802 1269 1846 eum
1302 1802 1431 1866 regern,

287 1892 389 1973 fugit
411 1890 549 1955 iterum
574 1891 611 1954 in
636 1892 798 1954 montem
822 1892 903 1972 ipse
933 1890 1049 1955 selus.
1080 1908 1181 1971 neque
1210 1889 1294 1952 eninr
1324 1908 1431 1953 causae

286 1996 394 2061 orandi
421 1997 575 2061 contraria
603 2004 653 2061 est
681 2016 778 2061 cansa
805 1996 957 2080 fugiendi,
986 1996 1111 2078 quando
1140 1995 1267 2078 quidem
1301 1999 1335 2058 et
1365 1995 1431 2059 hinc
1448 2014 1467 2047 rs

286 2103 432 2167 dominus
465 2102 691 2187 transfigurans
723 2104 755 2166 in
789 2122 823 2166 se
857 2122 971 2184 cerpus
1009 2102 1201 2166 humilitatis
1233 2105 1370 2176 nestrae,
1399 2106 1433 2162 ut

285 2210 445 2274 conforme
467 2209 585 2273 faceret
609 2209 731 2291 corpori
755 2210 874 2292 gloriae
897 2229 982 2281 snae,
1007 2209 1040 2271 id
1069 2227 1195 2289 quoque
1223 2208 1337 2273 deceat
1358 2209 1431 2271 hanc

285 2336 355 2381 esse
375 2316 465 2381 nobis
489 2335 637 2399 magnam
661 2335 789 2380 causam
815 2316 933 2391 orandi,
954 2316 1078 2397 quando
1102 2325 1153 2380 est
1171 2334 1268 2378 causa
1285 2314 1431 2398 fugiendi,

284 2442 340 2486 nec
360 2422 440 2486 illud
459 2422 628 2486 aduersum
648 2424 707 2499 est,
728 2422 813 2503 quod
831 2422 995 2486 Mattheus
1011 2423 1098 2504 prius
1119 2440 1191 2486 eum
1211 2421 1290 2485 dixit
1302 2422 1431 2486 iussisse

285 2529 459 2612 discipulos
489 2528 656 2593 ascendere
685 2528 717 2592 in
746 2529 927 2593 nauiculam
961 2532 993 2593 et
1025 2527 1211 2610 praecedere
1244 2546 1318 2592 enm
1351 2532 1469 2591 transm

285 2636 410 2713 fretum,
445 2635 543 2699 donec
577 2635 751 2699 dimitteret
782 2636 903 2712 turbas,
937 2653 973 2698 ac
1007 2634 1119 2698 deinde
1156 2634 1298 2699 dimissis
1336 2635 1431 2698 turbis
1528 2679 1529 2700 x

1528 2737 1529 2764 i

375 2878 391 2931 9
412 2876 471 2930 Ich.
490 2879 516 2945 6,
537 2878 569 2930 15
628 2878 658 2929 17
680 2877 713 2931 cf.
733 2878 804 2932 Phil.
825 2880 850 2939 3,
871 2879 903 2931 al
963 2878 995 2930 19
1016 2877 1050 2931 cf.
1069 2878 1167 2931 Matth.
1189 2878 1231 2945 14,
1251 2879 1284 2931 22

323 3053 335 3105 1
357 3051 454 3121 turbis]
475 3052 540 3105 aad.
561 3056 700 3106 teneretur
719 3052 842 3106 candisse
861 3057 926 3120 (asc.
946 3056 1027 3121 cerr.)
1046 3054 1073 3107 B
1172 3070 1234 3106 curn
1253 3053 1431 3107 dicit—mira·
1528 3029 1529 3088 1

286 3139 376 3193 culum
396 3140 498 3209 fugisse
517 3142 616 3194 omB
670 3140 868 3195 aautemom.
893 3142 946 3195 TD
1023 3148 1145 3195 montem
1162 3142 1220 3196 ΕΤ
1236 3142 1430 3213 MQarccf
1528 3125 1529 3134 ³

283 3228 377 3298 fuisse]
401 3228 503 3297 fugisse
525 3228 574 3282 M²
595 3230 649 3298 κχψ
672 3230 759 3283 rael
846 3246 906 3283 curn
930 3230 1038 3284 easdem
1061 3230 1167 3301 (eadem
1192 3229 1306 3289 ML,
1328 3230 1430 3284 eadem

286 3315 337 3383 N1)
351 3316 445 3370 turbas
463 3317 521 3371 ΕΤ
537 3316 562 3369 V
578 3317 692 3387 ONMQ
710 3318 849 3371 HAELS
862 3337 935 3388 αγπω
947 3335 966 3386 p
976 3319 1046 3375 ael.
1061 3335 1121 3371 cum
1136 3319 1243 3372 easdem
1258 3318 1355 3373 turbas
1369 3336 1430 3388 quas

285 3404 326 3458 D¹
347 3405 437 3459 0¹PF
454 3408 480 3475 ψ,
500 3423 559 3460 cum
579 3406 687 3460 easdem
707 3406 801 3460 turbas
821 3407 971 3460 dimisisset
990 3424 1058 3477 quas
1076 3426 1094 3477 χ
1112 3425 1135 3469 r,
1155 3424 1214 3460 curn
1228 3406 1331 3461 eisdem
1346 3408 1429 3461 turbis

285 3510 350 3562 quas
369 3492 411 3547 12²
432 3494 467 3546 Ο2
482 3512 538 3562 pm
578 3496 702 3566 3pauit]
723 3496 789 3549 add.
809 3496 996 3564 dimisissetd
1041 3497 1180 3563 ddicitp
1234 3496 1350 3567 fugisse]
1368 3495 1429 3549 add

284 3582 416 3635 iternrnr
469 3582 615 3637 huolebat
633 3583 694 3637 ΟΨ
747 3585 965 3653 6planiciorap
1037 3584 1216 3639 descenderat
1233 3585 1290 3640 ΒΤ
1307 3583 1430 3651 pr,
1528 3649 1529 3656 χ

284 3670 473 3725 discenderant
492 3670 558 3725 E¹L
648 3672 772 3742 iiilisp
857 3673 1028 3728 ministratae
1046 3673 1085 3727 Βι
1163 3672 1266 3744 adis]
1286 3673 1356 3728 dicit
1372 3674 1428 3727 edd.

281 3766 394 3829 praefer
408 3777 433 3829 9,
454 3759 520 3813 cdd.
542 3763 569 3812 et
588 3762 650 3813 cel
711 3762 925 3816 lesatensem.
945 3761 1040 3816 Am·
1104 3764 1135 3816 ll
1157 3762 1230 3832 quod
1247 3763 1347 3817 matth.
1367 3763 1430 3816 dixit
1528 3749 1529 3784 ³

284 3865 335 3902 om.
357 3849 408 3901 ΟΡ
475 3850 619 3901 remonte
641 3848 703 3904 ΟΨ
769 3852 803 3904 13
821 3853 864 3921 nt]
885 3856 914 3904 et
935 3850 1053 3905 0N¹11
1124 3852 1157 3905 16
1175 3852 1380 3922 transfigurans
1396 3851 1428 3904 B.
1528 3903 1529 3920 p

285 3938 395 3990 -ratM
449 3938 481 3989 17
501 3954 611 4006 corpore
630 3938 664 4005 B,
685 3939 817 4008 corporali
834 3957 852 4008 p
929 3940 968 4009 id]
986 3957 1035 4009 per
1053 3940 1082 3993 id
1100 3942 1164 3994 ναὶ
1235 3940 1432 3995 dueestBRT
1528 3935 1529 3956 ¹

291 4026 337 4080 Va
364 4024 454 4079 ONM
468 4026 581 4081 HAEL
598 4047 614 4096 γ
627 4044 684 4097 pp,
704 4029 785 4082 docet
802 4035 832 4083 at
850 4030 888 4096 D,
908 4030 1024 4085 docebat
1041 4036 1088 4085 eet.
1155 4032 1187 4085 18
1207 4032 1261 4100 est]
1282 4036 1312 4085 et
1330 4030 1428 4086 A¹E¹L
1528 4025 1529 4080 1

285 4130 392 4169 causam
410 4114 467 4169 BT
522 4118 554 4170 19
574 4133 632 4169 eum
652 4134 737 4171 cmc
810 4119 941 4173 dixeritr
998 4120 1035 4174 20
1052 4120 1179 4173 nauicula
1199 4118 1262 4173 ΟΨ
1338 4124 1366 4175 et
1382 4119 1427 4189 pn]

285 4208 315 4257 ut
333 4204 543 4275 precederentg
597 4207 629 4260 21
651 4206 803 4262 dimitteres
823 4209 859 4262 B¹
