3100 4967
305 251 346 308 de
370 270 469 309 cons.
494 254 838 324 euangelistsrum
857 254 904 310 lib.
924 254 974 309 111.
1000 272 1057 325 cap.
1076 254 1150 307 XXV
1241 258 1304 323 387

159 448 335 529 dominum,
360 450 414 514 ubi
435 470 508 515 eum
528 449 628 531 primo
648 449 733 514 uidit
750 449 900 526 Thomas,
924 450 980 533 qui
1003 470 1075 517 eum
1099 470 1159 515 non
1183 450 1308 515 uiderat

160 557 211 621 die
234 557 477 622 resurrectionis
497 556 577 622 eius.
601 576 675 621 nam
694 556 806 639 utique
832 557 859 620 si
883 556 966 621 intra
990 556 1118 621 eosdem
1142 558 1214 621 octo
1239 556 1307 621 dies

160 684 234 729 eum
262 664 294 729 in
318 668 424 728 monte
449 662 610 729 Galilaeae
634 664 697 728 iam
719 664 769 728 illi
793 664 938 729 undecim
964 662 1119 741 uiderant,
1149 664 1306 745 quomodo

159 775 234 855 post
252 774 324 836 octo
344 770 412 835 dies
433 790 504 835 eum
525 770 663 852 primum
684 770 765 836 uidit
783 770 932 849 Thomas,
952 770 1007 855 qui
1026 770 1141 835 inillis
1160 771 1307 837 undecim

127 879 283 943 sitierat?
315 878 376 942 nisi
413 878 484 960 quis
522 878 608 943 dicat
639 898 700 943 non
732 878 807 942 illos
844 877 1002 953 undecim,
1040 878 1095 960 qui
1132 877 1195 943 iem
1232 882 1308 943 tuno

157 984 295 1067 apostoli
329 984 534 1059 uocabantur,
564 983 620 1049 sed
649 984 824 1067 discipulos
856 983 922 1049 illio
958 984 1106 1049 undecim
1139 983 1240 1049 fuisse
1273 1004 1308 1049 er

157 1091 260 1156 multo
296 1111 426 1156 numero
459 1090 696 1174 discipulorum.
730 1091 790 1156 soli
823 1091 940 1174 quippe
977 1090 1080 1155 adhuc
1112 1091 1309 1157 uocabantur

157 1198 295 1282 apostoli
318 1198 367 1262 illi
387 1198 543 1277 undecim,
569 1198 625 1264 sed
643 1218 704 1263 non
728 1199 790 1263 soli
814 1202 902 1263 erant
922 1198 1082 1282 discipuli.
1107 1200 1215 1281 potest
1234 1216 1308 1284 ergo

157 1304 234 1380 fieri,
262 1309 387 1370 utnon
416 1324 537 1382 omnes,
566 1305 623 1370 sed
650 1292 887 1387 aliqui'eorum
915 1305 960 1369 ibi
989 1304 1116 1385 fuerint,
1151 1306 1204 1369 alii
1233 1324 1308 1371 uero

115 1437 142 1477 m
158 1411 310 1495 discipuli
338 1432 410 1477 cum
439 1413 485 1477 eis
518 1413 572 1493 ita,
600 1417 637 1477 ut
664 1412 809 1477 undecim
841 1414 1071 1496 conplerentur,
1102 1432 1139 1477 ac
1173 1414 1219 1477 sic
1246 1432 1308 1477 non

157 1518 203 1583 ibi
226 1518 328 1584 fuisse
352 1518 515 1584 Thomam.
545 1520 600 1602 qui
624 1522 697 1602 post
720 1519 794 1584 illos
819 1518 886 1583 dies
916 1524 987 1585 octo
1015 1519 1116 1603 primo
1146 1518 1308 1585 dominum

159 1625 250 1690 uidit.
279 1626 406 1691 Marcus
435 1626 562 1709 quippe,
591 1626 716 1708 quando
744 1627 819 1692 illos
848 1626 995 1691 undecim
1021 1626 1220 1703 memorauit,
1248 1646 1309 1691 non

160 1735 337 1814 utcumque
369 1732 527 1806 undecim,
562 1733 618 1797 sed
646 1733 738 1807 illis,
773 1732 888 1815 inquit,
922 1732 1093 1797 undecim
1123 1732 1309 1815 apparuit.

159 1839 262 1903 Lucas
278 1838 391 1903 etiam:
410 1839 578 1923 regressi
599 1843 696 1917 sunt,
716 1840 831 1923 inquit,
847 1840 1085 1905 Hierusalem
1107 1843 1142 1905 et
1161 1840 1311 1905 inuene-

116 1971 142 2010 re
161 1948 250 2009 runt
269 1949 521 2029 congregatos
540 1946 713 2011 undecim
734 1951 771 2011 et
796 1966 857 2013 eos
882 1948 946 2028 qui
970 1966 1051 2011 oum
1074 1946 1170 2029 ipsis
1195 1954 1310 2011 erant.

163 2056 195 2115 et
218 2051 280 2117 iste
304 2052 444 2118 ostendit
467 2053 540 2118 illos
568 2053 725 2129 undecim,
754 2053 815 2118 hoc
839 2059 889 2118 est
912 2055 1074 2136 apostolos
1097 2054 1209 2119 fuisse.
1240 2073 1311 2119 nam

163 2178 235 2223 curn
265 2158 422 2224 adiunxit:
457 2163 494 2223 et
520 2178 584 2224 eos
612 2160 675 2241 qui
704 2178 785 2225 cum
814 2160 914 2242 ipsis
944 2165 1059 2237 eraut,
1093 2161 1172 2225 satis
1201 2160 1311 2243 utique

164 2263 341 2329 declarauit
372 2265 563 2330 eminentius
595 2265 669 2330 illos
697 2265 845 2330 undecim
874 2267 1062 2349 appellatos,
1095 2285 1168 2331 cum
1196 2266 1312 2351 quibus

164 2374 253 2435 erant
275 2372 384 2449 ceteri,
407 2390 443 2436 ac
466 2392 522 2454 per
545 2373 605 2437 hoc
628 2372 676 2436 illi
699 2373 930 2457 intelleguntur
953 2372 1008 2455 qui
1031 2374 1094 2438 iam
1119 2373 1315 2439 uocabantur

119 2502 147 2541 ao
164 2479 312 2561 apostoli.
342 2479 402 2543 hoc
425 2479 555 2563 proinde
578 2478 646 2543 fieri
669 2480 785 2562 potuit,
814 2484 850 2544 ut
879 2499 914 2544 er
943 2500 1072 2545 numero
1096 2482 1314 2563 apostolorum

164 2588 197 2649 et
223 2584 358 2649 aliorum
386 2585 615 2667 discipulorum
644 2585 792 2652 undecim
822 2586 971 2669 discipuli
1001 2588 1230 2669 conplerentur,
1260 2588 1315 2669 qui

165 2692 310 2757 uiderent
333 2693 413 2756 intra
437 2694 510 2758 illos
534 2697 606 2759 octo
631 2693 698 2757 dies
721 2692 754 2756 in
781 2692 940 2759 Galilaeae
965 2700 1070 2759 monte
1095 2695 1210 2759 Iesum.

210 2799 274 2865 Sed
301 2800 438 2865 occurrit
466 2800 552 2864 aliud
585 2802 668 2882 quod
702 2802 848 2867 obsistat.
881 2801 1036 2865 lohannes
1065 2802 1159 2877 enim,
1189 2802 1313 2885 quando
1339 2792 1380 2857 82

166 2906 430 2970 commemorauit
443 2926 504 2969 non
520 2906 552 2970 in
567 2911 676 2971 monte
690 2907 728 2969 ab
744 2906 901 2985 undecim,
918 2907 974 2971 sed
989 2907 1027 2971 ad
1042 2927 1127 2971 mare
1139 2907 1313 2971 Tiberiadis

120 3033 184 3075 aaa
207 3017 331 3095 septem
355 3012 554 3094 piscantibus
578 3014 686 3079 uisum
711 3033 782 3079 esse
802 3014 975 3089 dominum,
999 3014 1069 3079 hoc
1092 3014 1163 3078 iarn
1189 3015 1313 3079 tertio.

166 3121 279 3201 inquit,
299 3119 568 3186 manifestatus
593 3125 651 3185 est
669 3121 778 3186 Iesus
804 3121 1019 3203 discipulis,
1045 3142 1126 3185 curn
1151 3140 1314 3185 resurre-

165 3227 287 3291 xisset
319 3246 337 3290 a
370 3228 539 3293 mortuis.
574 3226 602 3291 si
635 3232 742 3292 autem
776 3228 991 3311 acceperimus
1025 3230 1106 3294 iutra
1139 3230 1212 3292 illos
1244 3231 1314 3292 octo

259 3487 292 3540 13
311 3486 394 3541 Marc.
415 3488 456 3551 16,
478 3488 511 3540 14
568 3489 601 3541 14
620 3488 700 3542 *Luc
719 3490 763 3557 24,
784 3489 818 3543 33
874 3490 908 3543 25
928 3488 1001 3544 *Ion
1021 3490 1065 3555 21,
1087 3491 1120 3543 14

204 3630 406 3699 lprimoeum
427 3631 507 3684 CPV
522 3630 751 3701 FONMQppr
814 3632 914 3702 enisi]
934 3631 987 3685 uisi
1006 3632 1076 3686 lorte
1101 3633 1153 3687 Vl
1216 3636 1315 3697 δ’(υηι.

166 3722 260 3788 potest
279 3736 302 3772 e.
322 3718 340 3773 1.
360 3736 387 3776 u.
405 3736 431 3772 n.
451 3738 476 3773 o.
495 3718 543 3773 scd
562 3720 675 3789 eloqui
694 3719 732 3773 Β1
789 3720 822 3775 10
841 3721 892 3790 sic]
913 3722 936 3775 si
954 3720 1064 3775 ΗῑΑΕ1
1116 3722 1146 3777 11
1167 3722 1266 3777 fuisset
1278 3723 1315 3776 B¹

165 3808 270 3878 primus
290 3805 337 3874 13¹,
356 3807 499 3861 ·mumM
560 3808 593 3861 12
612 3810 834 3863 commemorauit
853 3808 1026 3878 HAELpp
1097 3811 1130 3865 14
1148 3811 1175 3865 in
1195 3810 1316 3865 hierusu-

167 3898 222 3951 lem
241 3896 298 3950 RD
315 3912 386 3965 ppo
473 3897 506 3951 18
526 3896 688 3967 declareuit]
709 3897 774 3951 add.
796 3904 823 3952 et
842 3898 938 3951 HE¹L
1027 3900 1059 3953 19
1078 3900 1273 3969 intellegentur
1291 3900 1318 3953 B

164 3987 201 4039 21
222 3984 361 4054 discipuli]
381 3985 499 4054 apostoli
518 3987 544 4040 B
635 3987 669 4039 22
689 3985 815 4039 uiderent
833 3987 918 4041 BRD
939 3986 1120 4057 &Formo
1138 3988 1223 4058 κχψω,
1243 3994 1318 4042 ·raut

162 4072 241 4143 p'yl,
261 4078 338 4128 ·runt
357 4091 430 4136 rae,
451 4076 520 4129 ·rint
534 4081 591 4142 oet,
604 4094 631 4129 ns
671 4077 706 4129 24
725 4076 868 4131 tiberiadsi
889 4076 926 4129 Βι
972 4078 1006 4131 25
1026 4082 1131 4147 septem
1150 4094 1201 4132 om.
1222 4076 1318 4133 B¹RD

168 4163 203 4216 26
224 4161 378 4233 discipulis]
397 4164 463 4217 aad.
483 4165 539 4218 suis
561 4164 626 4235 <213²
643 4183 675 4235 γκ
694 4182 719 4219 m
740 4181 754 4218 o

1231 4274 1283 4327 25*
