3100 4967
216 313 1158 386 deeous.euangelisterurulib.Il.cup.XVII-XVIII
1203 319 1264 382 141

119 530 185 577 curn
206 509 291 574 retia
315 510 475 576 extrahere
498 512 591 594 plena
612 531 673 576 nen
698 515 839 594 possent,
860 511 1020 593 simulque
1044 511 1175 576 miratos
1199 513 1265 576 tan·

119 623 176 682 tam
207 618 450 682 multitudinem
482 618 629 700 piscium,
664 637 744 702 quae
777 621 869 701 cepta
901 621 977 697 crat
1006 622 1038 684 et
1066 637 1139 684 cum
1171 617 1265 682 Petro

119 730 233 788 tantum
255 725 403 791 dixisset:
428 725 512 790 nuli
537 726 691 804 timere,
716 745 759 792 cr
782 724 856 791 hoc
881 726 955 790 iarn
978 725 1162 794 hemines
1187 727 1265 790 cris

120 834 291 915 capiens,
324 833 422 896 simul
455 852 529 898 eum
559 837 667 898 tamen
699 832 867 898 subductis
901 834 940 897 ad
977 836 1092 898 terram
1130 833 1266 898 nauibus

95 943 240 1004 aseeutcs
264 939 377 1004 fuisse.
401 938 485 1004 unde
508 939 760 1023 intellegendum
779 943 829 1003 est
847 940 907 1004 hec
930 940 1031 1022 prime
1056 957 1126 1004 esse
1145 939 1265 1004 lactum

119 1044 197 1126 quod
221 1046 329 1110 Lucas
356 1045 508 1119 insinuat,
536 1064 594 1110 uec
621 1049 698 1110 tuuc
732 1065 786 1111 ees
820 1065 838 1110 a
873 1045 999 1110 domiuo
1032 1049 1176 1122 uocatos,
1210 1045 1266 1109 scd

119 1155 234 1216 tanturn
254 1151 351 1216 Petro
374 1151 476 1218 fuisse
499 1147 706 1234 praedictum,
726 1152 809 1234 quod
834 1153 979 1218 hemines
999 1156 1086 1218 esset
1105 1156 1265 1236 capturus.

119 1258 195 1338 qued
221 1277 286 1324 neu
314 1258 359 1324 ita
387 1257 509 1324 dietum
539 1264 598 1337 est
627 1260 720 1343 quasi
746 1260 811 1324 iam
840 1261 944 1343 pisces
973 1279 1147 1342 numquam
1179 1262 1265 1324 esset

120 1370 278 1446 capturus3
311 1384 384 1430 uam
418 1369 450 1430 et
481 1370 555 1450 post
591 1366 854 1431 resurrectionem
887 1365 1007 1430 domiui
1038 1366 1177 1448 legimus
1210 1383 1264 1430 ees

86 1489 184 1534 nesse
206 1473 359 1556 placatos.
383 1472 503 1538 dictum
529 1477 579 1538 est
601 1491 686 1558 ergo,
710 1472 796 1554 quod
823 1471 970 1554 deinceps
999 1473 1150 1554 capturus
1179 1475 1265 1536 esset

120 1579 271 1656 lemines;
295 1597 357 1643 uun
381 1579 503 1643 dictum
527 1582 586 1654 est,
607 1578 773 1662 quodiam
793 1597 854 1643 non
873 1581 958 1644 esset
979 1581 1128 1660 capturus
1148 1578 1263 1661 pisces.

120 1686 196 1750 unde
219 1685 313 1750 datur
330 1686 422 1752 lucus
440 1686 626 1770 intellegere
645 1705 700 1752 ees
720 1686 759 1751 ad
779 1689 944 1768 capturam
962 1684 1099 1768 piscium
1119 1703 1155 1750 ex
1180 1703 1263 1750 more

120 1812 281 1868 remeasse,
305 1796 343 1858 ut
364 1798 478 1876 postea
500 1794 590 1858 fieret
613 1793 697 1876 qued
721 1793 886 1858 Mattheus
915 1797 948 1857 et
970 1793 1098 1858 Marcus
1127 1799 1262 1867 narrant,

122 1901 237 1980 quaudo
261 1919 317 1964 ecs
339 1900 431 1966 binus
455 1901 586 1965 uocauit
609 1901 733 1985 etipse
757 1900 862 1966 iussit.
887 1903 924 1964 ut
947 1918 1020 1964 eum
1044 1901 1261 1982 sequerentur,

87 2006 215 2087 aprino
248 2006 373 2072 duobus
400 2007 495 2072 Petro
528 2011 561 2072 et
592 2007 746 2085 Andreae,
779 2006 892 2071 deiude
925 2007 995 2072 aliis
1029 2006 1154 2072 duobus
1186 2005 1262 2070 filiis

122 2111 277 2178 Zebedaei.
297 2116 374 2178 tuuc
393 2114 476 2178 enim
495 2133 556 2178 nou
576 2113 741 2179 subductis
762 2113 801 2177 ad
819 2118 935 2180 terram
949 2113 1084 2179 nauibus
1100 2117 1261 2195 tamquam

123 2237 190 2283 eura
214 2219 377 2298 redeundi,
406 2221 463 2285 sed
489 2220 535 2285 ita
563 2240 635 2286 eum
663 2220 765 2285 secuti
795 2223 879 2298 suut,
904 2223 1067 2304 tamquam
1094 2225 1262 2284 uocantem

123 2342 154 2387 ae
176 2327 347 2405 iubentem,
371 2331 409 2390 ut
431 2330 646 2408 sequerentur.
1116 2404 1118 2410 Ι

161 2432 273 2499 XVIII.
305 2433 392 2498 Illud
424 2433 519 2498 etiam
551 2433 776 2516 requirendum
809 2435 873 2511 est,
911 2432 1069 2516 quomode
1105 2433 1262 2498 Iohannes
1285 2437 1328 2502 42

86 2553 107 2592 u
123 2541 320 2622 euangelista,
339 2545 510 2623 antequam
528 2540 683 2605 Iohannes
702 2539 843 2622 baptista
861 2540 982 2604 missus
1002 2543 1088 2604 esset
1104 2540 1137 2605 in
1161 2557 1262 2604 carce·

123 2664 191 2724 rem,
223 2647 300 2712 dicit
331 2648 439 2712 Iesum
471 2648 535 2718 isse
570 2648 603 2711 in
637 2647 813 2713 Galilaeam
850 2683 894 2694 -
932 2649 1139 2730 posteaquam
1177 2647 1260 2712 euim

124 2755 385 2831 commemorauit,
409 2754 493 2838 qued
521 2755 552 2819 in
577 2755 662 2820 Caua
686 2753 846 2822 Galilaeae
870 2753 947 2818 fecit
974 2754 1012 2817 de
1041 2772 1122 2836 aque
1150 2754 1259 2818 uiuum

124 2865 152 2922 et
167 2860 327 2926 descendit
341 2861 560 2942 capharnaum
580 2880 653 2926 cum
672 2865 772 2925 matre
792 2864 824 2925 et
842 2859 1008 2942 discipulis
1029 2861 1119 2926 stibi
1138 2879 1259 2925 manse·

202 3121 346 3187 diruet,
367 3124 401 3176 10
463 3123 532 3177 ael.
551 3122 610 3177 leh.
630 3123 710 3190 21,3
775 3123 808 3176 19
829 3121 861 3176 cs.
882 3121 939 3175 Ich.
962 3121 984 3184 l,
1003 3123 1038 3176 43
1093 3123 1127 3175 23
1147 3120 1180 3175 cf.
1199 3119 1258 3175 Ich.

124 3207 146 3272 2,
165 3211 258 3276 1-13;
277 3213 304 3275 3,
323 3211 358 3265 22

156 3335 166 3386 l
185 3336 295 3389 rudratur
313 3336 362 3404 13¹,
380 3336 512 3389 mirantur
528 3333 568 3388 B¹
613 3335 629 3389 3
648 3335 701 3389 iam
720 3335 854 3404 hemines]
873 3334 1005 3388 iuheunes
1024 3332 1063 3387 Bl
1107 3334 1124 3385 5
1144 3333 1257 3403 primum

128 3421 150 3472 V
210 3425 311 3479 laetum
332 3441 391 3479 esse
408 3423 545 3479 Antan
597 3425 704 3478 desset
723 3428 850 3493 capturus
871 3427 942 3478 esset
961 3422 1000 3476 B1
1059 3424 1158 3492 8uun]
1178 3439 1212 3476 ne
1232 3425 1259 3478 Β

123 3512 166 3580 ite]
183 3518 224 3567 stu
241 3515 276 3582 Β,
293 3514 367 3568 idem
388 3513 444 3581 GP,
462 3512 524 3567 iden
549 3512 575 3566 V
627 3529 686 3567 esse
703 3510 802 3568 Hm
840 3513 873 3566 10
891 3511 1040 3584 piscatores
1058 3512 1086 3566 Β
1104 3511 1261 3567 Hamae
1364 3493 1375 3522 ⁸

125 3600 152 3652 12
167 3601 286 3672 intellegi
306 3599 418 3656 Amal]
486 3607 634 3672 eruptura
654 3600 703 3654 GP
775 3601 808 3654 13
827 3617 944 3656 remesse
962 3601 999 3654 Β1
1071 3601 1104 3655 14
1123 3601 1201 3654 uinus
1219 3600 1259 3652 Βι

125 3687 151 3741 15
167 3689 383 3758 petre-duobus
402 3707 454 3745 em.
476 3688 509 3746 0¹
564 3689 637 3758 aliis]
658 3689 691 3744 ab
710 3689 754 3743 his
776 3689 838 3743 021>
892 3691 924 3744 16
943 3707 997 3744 unu
1016 3705 1067 3744 em.
1087 3689 1114 3743 B
1164 3692 1195 3742 18
1215 3707 1257 3742 se-

123 3781 266 3850 querentur]
288 3795 349 3834 eum
368 3782 544 3849 sequerentur
566 3779 672 3833 GPVF
686 3779 723 3832 M
740 3779 801 3834 edd.
816 3784 962 3848 praeterr
1032 3779 1065 3832 19
1084 3779 1208 3832 iohannis
1228 3779 1261 3832 H

123 3865 149 3918 21
166 3867 247 3922 iesum
266 3885 317 3922 orn.
338 3867 473 3922 AELSU
488 3887 504 3939 γ
576 3867 640 3937 isse]
661 3884 720 3922 esse
740 3867 767 3920 Β
839 3872 983 3938 postquam
1003 3866 1073 3920 enlm
1092 3866 1143 3928 N&
1162 3872 1259 3938 postea

124 3956 183 4009 enim
201 3974 281 4028 quum
299 3957 330 4010 F
345 3956 418 4012 ΒΨ
432 3975 448 4026 q
467 3957 526 4012 edd.
541 3962 690 4026 praeterp
804 3957 838 4008 22
864 3955 951 4010 chana
973 3955 998 4009 T
1018 3955 1101 4009 ΥΕ2
1118 3976 1133 4026 q
1150 3973 1256 4025 prae,

124 4059 196 4100 canan
224 4049 248 4103 0
272 4047 311 4116 Η,
336 4049 441 4124 clausu
465 4047 522 4100 BD
549 4047 576 4101 P
609 4047 736 4117 ON¹MQ
763 4046 867 4114 AE²L‚
891 4047 979 4100 chana
1001 4043 1052 4110 N²‚
1081 4047 1203 4101 chanaan
1221 4048 1256 4110 Β,

123 4149 245 4206 canuanp
327 4137 395 4192 facit
412 4137 440 4191 R
524 4137 559 4190 23
579 4135 714 4192 discendit
734 4135 783 4189 ΟΡ
801 4134 835 4188 H
904 4135 1098 4194 ehalharuaum
1116 4135 1150 4198 Β,
1171 4135 1256 4189 calar·

122 4237 192 4278 naum
212 4226 290 4280 CPF
