3100 4967
284 281 324 335 de
353 298 453 336 cons.
483 284 827 353 euangelistarnrn
849 283 897 337 lib.
917 282 968 338 111.
988 299 1046 352 cap.
1065 281 1104 335 VI
1203 284 1270 350 299

121 481 156 539 et
179 476 240 540 hio
264 495 345 542 cum
369 479 438 544 illo
463 483 557 556 erat:
587 499 667 545 uam
693 483 729 544 et
753 479 950 545 Galilaeae
975 485 1044 558 est,
1067 484 1124 546 ant
1146 481 1271 544 senten·

121 583 195 648 tiam
217 583 435 669 intellegimus
456 587 597 652 tenuisse
618 605 682 664 eos,
704 587 757 669 qul
777 587 991 671 conpellatum
1011 584 1121 650 dicunt
1139 585 1271 650 Petrum

123 725 159 734 -
185 689 372 755 tantundem
399 691 483 756 enim
507 693 610 757 ualuit
634 692 719 775 quod
744 692 783 757 ds
806 693 861 758 illo
887 711 992 758 coram
1015 692 1070 756 illo
1095 690 1269 768 dicebatur,

121 799 285 877 quantum,
314 797 342 861 si
368 797 418 861 illi
446 798 603 863 diceretur
629 835 683 875 -,
713 803 770 863 aut
796 805 931 881 utroque
963 798 1058 864 modo
1091 802 1210 874 actum,
1238 800 1271 863 et

92 901 197 967 salios
226 903 330 980 illum,
359 904 439 971 alios
472 905 568 970 alium
598 905 728 970 modum
756 923 1033 971 commemorasse.
1057 904 1136 988 galli
1162 909 1269 970 autem

121 1015 247 1074 cantum
271 1014 346 1093 post
366 1012 493 1076 tertiam
518 1011 720 1095 negationem
744 1011 919 1077 secundnm
941 1012 1169 1097 intellegimus,
1187 1011 1272 1076 siout

58 1105 59 1108 ’
120 1115 246 1182 Marcus
270 1119 436 1202 expressit.

164 1221 317 1305 Sequitur
344 1243 418 1309 ergo
447 1225 611 1290 Mattheus
639 1225 685 1290 ita
713 1224 836 1291 dicens:
867 1222 932 1289 “et
960 1225 1183 1290 recordatus
1212 1227 1270 1289 ost
1292 1223 1337 1290 26

120 1329 253 1394 Petrus
291 1331 397 1395 uerbi
434 1331 520 1396 Iesu
558 1331 655 1414 quod
692 1331 851 1397 dixerat:
888 1331 1108 1415 priusquam
1142 1330 1268 1416 gallus

85 1440 257 1513 ocantet,
291 1441 347 1501 ter
380 1457 434 1502 mo
467 1439 633 1523 negabis.
671 1442 707 1502 et
746 1457 926 1522 egressus
963 1439 1064 1502 foras
1102 1438 1271 1520 ploranit

121 1561 251 1608 amare.
282 1543 410 1611 Marcus
443 1551 549 1610 autem
582 1546 629 1610 ita
661 1545 752 1610 dicit:
787 1545 1010 1610 recordatus
1044 1554 1103 1609 est
1133 1544 1270 1610 Petrus

121 1650 225 1713 uerbi
251 1650 348 1733 quod
372 1651 517 1716 dixerat
541 1651 573 1716 ei
597 1653 719 1716 Iesus:
743 1651 963 1734 priusquam
989 1651 1116 1734 gallus
1141 1655 1271 1716 cantet

121 1756 187 1834 bis,
216 1761 276 1823 ter
307 1777 362 1823 me
395 1759 561 1844 negabis.
596 1763 632 1824 et
664 1759 792 1842 eoepit
823 1759 927 1824 flere.
955 1758 1058 1823 Lucas
1086 1763 1193 1822 autem
1223 1759 1270 1822 sio

121 1862 178 1926 ait:
203 1867 241 1926 et
269 1881 476 1929 conuersus
508 1865 679 1930 dominus
708 1865 878 1947 respexit
899 1865 1061 1930 Petrum.
1091 1871 1128 1928 et
1150 1883 1270 1929 recor-

84 1967 231 2033 1⁵datus
275 1974 333 2034 cst
368 1971 504 2036 Petrus
547 1971 655 2036 uerbi
697 1971 848 2048 domini,
890 1972 992 2036 sicut
1033 1970 1142 2035 dixit:
1182 1971 1271 2054 quia

120 2076 339 2158 priusquam
365 2079 491 2162 gallus
517 2082 656 2155 cantet,
680 2082 738 2143 ter·
760 2097 816 2142 me
839 2077 1006 2162 negabis.
1030 2082 1067 2142 et
1090 2096 1270 2162 egressus

120 2181 219 2246 foras
253 2182 388 2248 Petrus
422 2183 539 2250 llouit
570 2203 699 2249 amare.
732 2185 889 2250 Iohannes
922 2185 961 2248 de
992 2185 1209 2249 recordatione
1238 2189 1272 2248 et

120 2288 194 2353 lletu
218 2289 424 2357 Petritacet.
448 2292 578 2356 sanein
603 2310 639 2356 eo
664 2291 749 2373 quod
777 2291 823 2355 ait
846 2291 958 2364 Lucas,
984 2289 1069 2373 quod
1096 2309 1271 2355 conuersus

121 2395 266 2461 dominus
290 2399 463 2481 respexerit
479 2397 621 2474 Petrum,
641 2397 800 2480 quomodo
825 2397 1042 2480 accipiendum
1067 2397 1120 2474 sit,
1138 2396 1271 2482 diligen-

82 2516 103 2556 a
119 2501 182 2566 tius
206 2503 467 2570 considerandum
489 2509 547 2569 est.
571 2505 719 2587 quamuis
740 2505 823 2569 enirn
843 2505 989 2569 dieantur
1006 2503 1102 2569 etiam
1120 2503 1271 2569 interiora

120 2610 207 2686 atria,
235 2615 343 2674 tamon
370 2611 401 2676 in
431 2611 582 2676 exteriore
611 2611 690 2676 atrio
718 2611 782 2677 luit
807 2611 922 2676 Petrus
950 2610 1033 2674 inter
1064 2627 1185 2684 seruos,
1214 2611 1268 2692 qni

120 2715 215 2780 simul
245 2735 279 2781 se
307 2717 346 2780 ad
377 2718 485 2802 ignem
518 2717 754 2782 calefaciebant.
790 2737 851 2782 non
885 2721 935 2782 est
965 2720 1072 2782 autem
1106 2715 1269 2792 credibile,

120 2821 202 2902 quod
229 2823 274 2888 ibi
303 2823 490 2889 audiebatur
518 2823 664 2890 dominus
694 2843 712 2886 a
739 2822 877 2901 Iudaeis,
906 2829 943 2887 nt
975 2822 1147 2907 corporalis
1179 2823 1269 2888 lieret

119 2927 172 2991 illa
195 2931 363 3012 respectio.
383 2947 520 3013 namque
544 2947 615 2994 cum
641 2929 773 2994 dixisset
792 2929 971 2994 Mattheus:
997 2926 1114 2994 ⁶⁷tunc
1138 2949 1269 3013 expue-

206 3171 354 3226 winsten.
374 3173 417 3236 26,
438 3173 471 3226 75
565 3174 594 3226 ll
615 3173 698 3227 Maro.
719 3175 762 3235 14,
782 3175 817 3227 72
871 3170 874 3176 ’
914 3174 947 3227 14
967 3172 1048 3226 *Luc
1068 3173 1112 3240 22,
1131 3173 1164 3226 61
1186 3177 1214 3226 et
1232 3173 1267 3227 62

121 3261 152 3314 18
171 3261 204 3317 ol.
223 3261 283 3316 Ioh.
305 3261 346 3328 18,
365 3262 399 3316 27
454 3263 489 3316 24
507 3261 606 3316 naun.
626 3263 669 3326 26,
689 3263 824 3317 ill-oea

154 3386 167 3438 l
188 3387 365 3456 sententiam}
382 3387 451 3440 hanc
470 3390 539 3440 sent.
555 3403 577 3456 p
613 3390 631 3442 4
650 3389 712 3440 actu
729 3387 786 3451 ΟΡ,
801 3392 890 3440 actum
905 3392 948 3441 est
965 3385 1060 3440 Amr.
1076 3404 1102 3456 9,
1122 3386 1224 3441 dictum
1235 3404 1267 3455 p,

119 3478 206 3527 actum
223 3475 268 3529 nel
288 3474 391 3530 dictum
409 3473 497 3529 rael
586 3475 710 3544 iillum]
736 3475 820 3529 alium
842 3477 873 3546 Q,
893 3475 939 3530 illo
959 3477 994 3530 cl
1101 3475 1170 3529 alios
1188 3475 1265 3529 illurn

120 3563 183 3616 odd
203 3563 240 3618 13²
303 3563 510 3618 aliomodoel
567 3562 763 3618 xnodoAE¹L
817 3563 997 3618 tirocino
1052 3564 1086 3618 10
1105 3563 1265 3632 negauisB

118 3651 199 3722 foras]
217 3655 311 3723 potrus
329 3651 357 3706 L
428 3653 558 3722 plorsnit]
578 3651 655 3706 fleuit
673 3651 780 3706 AELS
797 3670 830 3721 ors
848 3653 954 3714 cdd.,o
1010 3655 1042 3706 12
1061 3653 1130 3706 dixit
1148 3653 1182 3706 al
1241 3653 1266 3707 ei

119 3757 168 3793 om.
186 3741 246 3812 Bp
318 3745 390 3796 cant.
410 3742 475 3810 gall.
492 3759 512 3810 p
591 3741 623 3794 13
642 3739 684 3794 bie
704 3756 755 3794 om.
774 3739 815 3794 B¹
838 3739 872 3791 V¹
892 3759 933 3811 χω
948 3758 978 3810 p,
999 3747 1028 3794 et
1047 3741 1089 3794 bis
1107 3740 1147 3794 B²
1217 3758 1265 3794 ne-

119 3828 195 3896 genis
211 3830 238 3883 B
330 3833 359 3884 et
377 3829 619 3900 eoepit-negabis
638 3844 688 3883 oss.
708 3827 748 3882 B¹
840 3829 874 3882 14
892 3834 921 3882 et
939 3833 1015 3898 (post
1034 3829 1084 3896 ait)
1102 3846 1154 3884 om.
1173 3827 1267 3898 MQr

120 3920 151 3974 15
170 3919 273 3976 dixerat
289 3919 333 3975 Ε2
349 3939 365 3992 γ
384 3937 411 3974 ns
428 3937 445 3976 o
462 3915 553 3987 (aines)
672 3919 735 3988 quia
753 3935 805 3972 om.
828 3918 951 3972 Ham
1061 3921 1093 3973 17
1114 3919 1146 3973 de
1168 3935 1218 3973 osa.
1238 3919 1266 3972 B

120 4010 151 4062 18
169 4013 239 4080 petri
256 4027 308 4065 om.
328 4007 454 4063 HAE¹L
564 4008 596 4061 19
614 4008 763 4077 respexerit
780 4007 867 4060 BRD
884 4005 915 4058 F
930 4007 967 4068 N,
992 4008 1110 4078 respexit
1128 4013 1186 4069 oet..
1205 4007 1265 4063 add.

118 4097 148 4151 21
170 4099 294 4152 exteriori
318 4096 384 4152 VF'
397 4115 428 4166 p,
447 4097 577 4152 interiore
595 4095 663 4152 B¹R
736 4097 770 4150 22
790 4106 880 4148 autern
901 4113 952 4149 om.
975 4095 1025 4148 GP
1096 4095 1266 4149 credit-13²

119 4185 151 4240 23
170 4187 241 4241 fierit
262 4186 317 4249 GP,
337 4186 456 4255 fueritq
510 4186 544 4238 24
564 4184 752 4254 expuebantp
