3100 4967
288 376 1146 448 deconsensueuangelistarumlib.lI.cap.V
1247 383 1289 446 99

145 579 247 640 terere
274 575 486 639 narrationem
514 593 615 650 auam,
643 577 680 637 ut
706 577 870 656 tamquam
897 572 976 636 nihil
1007 573 1288 655 praetermittentis

146 682 241 746 series
265 681 390 765 digesta
412 681 573 756 uideatur·;
597 680 705 745 tacitis
729 680 812 743 enim
838 698 917 761 quae
939 697 1001 743 non
1025 681 1097 743 uult
1120 679 1222 744 dieere
1242 680 1289 743 sio

147 807 284 870 eaquae
308 788 380 852 uult
403 787 507 852 dicere
530 787 595 851 illis
624 805 705 868 quae
733 786 860 850 dicebat
887 785 1040 870 adiungit,
1064 789 1102 850 ut
1123 786 1195 868 ipsa
1217 803 1288 851 oon-

146 897 233 961 tinuo
257 895 348 977 sequi
375 894 552 958 uideantur.
587 893 642 958 sed
666 913 739 958 oum
764 893 844 957 alter
868 891 946 957 dieit
970 911 1049 974 qnae
1073 894 1153 957 alter
1175 892 1288 968 tacuit,

123 1002 310 1086 adiligenter
333 1001 408 1066 ordo
433 1001 651 1066 consideratus
675 1000 793 1064 indicat
816 1000 934 1076 losum,
958 999 1013 1063 ubi
1038 1018 1074 1063 ea
1097 999 1246 1082 potuerit,
1271 1019 1289 1064 a

147 1127 204 1190 quo
227 1108 557 1192 praetermissarum,
581 1107 749 1186 transilire,
773 1110 811 1171 nt
835 1125 870 1171 ea
890 1125 970 1189 quae
989 1105 1093 1170 dicere
1111 1106 1289 1171 intenderat

146 1215 187 1278 ila
217 1214 436 1297 superioribus
470 1215 643 1296 copularet,
667 1215 830 1295 tamquam
865 1214 934 1295 ipsa
965 1213 1062 1278 nullia
1091 1212 1287 1296 interpositis

147 1325 358 1403 sequerentur.
383 1339 420 1384 ao
442 1339 499 1402 per
520 1321 581 1385 boo
604 1319 802 1404 intellegitur
818 1320 993 1396 Mattheus,
1018 1320 1073 1384 ubi
1097 1320 1142 1383 eit
1165 1319 1287 1384 somnio

148 1427 318 1493 admonitos
342 1446 465 1512 magos,
489 1447 528 1492 ne
546 1426 685 1491 redirent
701 1447 758 1510 per
774 1426 943 1502 Herodem,
964 1429 996 1490 et
1013 1445 1069 1508 per
1088 1426 1181 1491 aliam
1201 1427 1288 1490 uiam

116 1554 134 1589 n
148 1553 304 1618 regressos
332 1534 363 1598 in
391 1535 552 1619 regionem
581 1553 682 1612 suam,
712 1534 778 1598 illio
806 1533 1057 1618 praetermisisse
1082 1552 1161 1615 quse
1184 1533 1286 1597 Lucas

148 1642 281 1704 narramt
308 1645 399 1724 gesta
426 1643 509 1706 circa
537 1641 700 1705 dominum
723 1641 755 1704 in
780 1640 898 1723 templo
923 1644 955 1704 et
983 1639 1067 1705 diota
1090 1659 1108 1703 a
1131 1639 1287 1723 Symeone

150 1750 176 1811 et
203 1749 304 1825 Anne,
337 1747 394 1811 ubi
425 1767 535 1812 rursus
567 1749 670 1813 Lucas
703 1747 958 1830 praetermittens
996 1746 1221 1828 prosectionem
1254 1746 1286 1810 in

149 1855 334 1938 Aegyptum,
362 1874 456 1937 qnam
485 1859 590 1920 narrat
617 1855 791 1928 Mattheus,
821 1857 982 1936 tamquam
1011 1853 1190 1918 continuam
1215 1871 1286 1918 oon·

149 1963 242 2025 texuit
263 1963 495 2046 regressionem
518 1963 557 2026 ad
581 1963 745 2027 oinitatem
768 1961 933 2026 Nazareth.

116 2087 135 2124 s
187 2068 314 2151 Siquis
338 2072 445 2134 autem
469 2069 548 2134 uelit
570 2089 665 2133 unam
689 2070 898 2134 narrationem
923 2087 960 2132 ex
983 2067 1129 2132 omnihus
1149 2085 1228 2149 quae
1248 2067 1286 2131 de
1312 2063 1351 2128 17

152 2173 261 2240 Christi
287 2176 456 2241 natiuitate
485 2179 518 2240 et
544 2175 677 2240 infantia
701 2175 752 2239 uel
780 2176 917 2260 pueritia
939 2175 970 2238 in
995 2175 1161 2256 utriusque
1185 2193 1287 2238 narra·

151 2279 228 2344 tione
250 2280 288 2344 ab
313 2281 464 2369 alterutro
489 2301 546 2346 seu
570 2281 719 2346 dieantur
742 2300 798 2344 seu
823 2281 1124 2363 praetermittuntur,
1145 2280 1286 2344 ordinare

153 2387 193 2450 sio
215 2390 335 2470 potest:
362 2387 542 2453 ''Christi
575 2393 707 2453 autem
742 2388 954 2472 generatio
988 2387 1047 2452 sie
1076 2391 1170 2452 erat.
1195 2387 1286 2451 huit

154 2494 186 2557 in
221 2495 363 2560 diebus
397 2495 571 2560 Herodis
608 2495 718 2580 regis
755 2495 855 2559 Iuda
892 2495 1085 2560 sacerdos
1124 2493 1285 2576 quidem

119 2602 299 2665 snomine
338 2601 556 2666 Zacharias
594 2601 640 2666 de
677 2602 767 2666 uioe
800 2601 901 2666 Abia
938 2604 976 2665 et
1012 2620 1109 2665 uxor
1140 2600 1208 2664 illi
1241 2599 1285 2664 de

154 2705 315 2771 filiabus
353 2707 483 2773 Aaron
521 2711 559 2772 et
595 2727 734 2772 nornen
773 2709 861 2772 eius
900 2707 1126 2772 Elisabeth.
1159 2706 1286 2772 ⁰erant

154 2817 275 2878 antem
297 2815 403 2880 iusti
427 2815 539 2880 ambo
569 2819 660 2880 ante
689 2815 814 2892 deum,
838 2815 1080 2879 incedentes
1103 2815 1140 2878 in
1166 2815 1285 2879 omni·

233 3005 300 3060 aer.
318 3005 418 3060 Mattb.
437 3007 463 3068 2,
484 3006 516 3058 12
592 3007 625 3060 10
644 3005 678 3063 ei.
697 3005 762 3060 hue.
783 3005 807 3073 2,
827 3005 933 3060 22-39
1012 3005 1044 3058 18
1063 3004 1160 3060 Matth.
1182 3005 1205 3072 1,
1228 3007 1285 3062 18a

154 3091 224 3146 'Lae
243 3094 265 3162 1,
283 3095 373 3150 5—56

186 3217 197 3268 l
215 3217 443 3284 pretermittendia
457 3215 504 3284 Ρ,
523 3217 773 3286 praetermittentes
787 3216 839 3281 11¹,
859 3219 945 3270 tiens
959 3217 1043 3270 B²H²
1054 3235 1096 3288 pr
1131 3219 1147 3270 2
1163 3221 1255 3271 tacens
1270 3235 1285 3271 r

154 3304 187 3357 aie
203 3306 409 3360 ea—aideantnr
426 3306 458 3359 in
475 3322 532 3360 rae.
551 3305 595 3358 N²
662 3306 764 3375 3illia]
783 3307 862 3360 nelr
933 3305 1045 3376 adiungi
1067 3306 1116 3359 GP
1180 3305 1285 3360 ddieit

153 3392 208 3457 BT,
223 3394 302 3450 micio
324 3397 406 3466 (erae.
430 3401 456 3461 a)
478 3395 509 3457 0,
535 3395 602 3448 dicit
626 3412 658 3448 ee
675 3413 700 3466 p,
724 3412 756 3449 ea
780 3394 848 3449 dicit
871 3400 917 3448 eet.
1008 3396 1108 3465 dqno]
1134 3394 1199 3448 add.
1219 3411 1285 3449 ear

153 3481 287 3537 intenderit
307 3484 363 3547 GP,
384 3483 474 3537 -deret
492 3483 525 3536 N
538 3501 557 3552 p
637 3485 653 3537 8
672 3501 765 3538 aomno
785 3501 807 3545 r,
826 3485 855 3538 in
874 3485 1009 3553 somnisp
1085 3485 1101 3538 9
1120 3485 1284 3538 ammonitus

154 3569 185 3628 B.
201 3570 347 3626 admonitus
368 3571 454 3628 GPF¹
473 3572 500 3625 L
594 3589 642 3642 per
660 3573 799 3643 herodem]
819 3574 853 3627 ad
872 3573 999 3627 herodem
1018 3573 1091 3628 E²U
1104 3593 1138 3645 γπ
1158 3574 1217 3628 edd.
1237 3576 1282 3643 (of.

154 3673 231 3727 oaepra
249 3662 356 3730 9212)
411 3667 508 3714 etom.
526 3663 616 3730 peel
662 3662 694 3716 10
712 3664 741 3716 in
759 3678 811 3716 om.
830 3661 877 3726 B¹,
896 3679 952 3718 raa,
975 3663 1063 3718 dliii.
1082 3662 1109 3715 L
1162 3667 1282 3732 praeter·

155 3748 261 3802 mississe
277 3751 303 3804 B
324 3751 374 3804 GP
392 3750 447 3805 ΟΝ
463 3750 500 3804 A¹
539 3752 571 3804 ll
591 3751 714 3806 narrabit
731 3751 799 3806 E¹L
862 3752 932 3806 eirea
950 3769 983 3806 ex
1001 3755 1100 3807 circum
1121 3768 1190 3806 corr.
1207 3769 1282 3806 man.

151 3851 190 3902 pr.
206 3835 232 3889 B
281 3841 313 3893 12
330 3840 470 3894 rursusi]
538 3840 626 3909 luens]
646 3840 711 3896 add.
731 3840 835 3894 ordinis
853 3841 1013 3894 rationemr
1063 3843 1096 3894 14
1115 3839 1284 3894 nazarehtB

157 3926 361 3983 rsaaeroeei
381 3929 442 3998 qais
461 3929 562 3996 incipit
583 3928 622 3983 W
700 3928 733 3982 de
752 3945 804 3983 om.
824 3928 890 3982 E¹L
981 3929 1013 3982 16
1032 3929 1213 3983 narrationem
1236 3929 1286 3982 GP

158 4014 185 4066 ll
202 4013 317 4071 dieantur
336 4017 372 4071 0²
428 4017 727 4087 praetermittanturO
781 4018 941 4072 landen
964 4018 1022 4072 OF¹
1045 4017 1283 4082 molliendae

160 4101 264 4165 DE¹L‚
281 4107 391 4161 iudaeae
412 4106 529 4176 (indeae)
548 4113 595 4161 cet.
647 4106 682 4160 20
700 4107 834 4162 zaccarias
848 4108 884 4174 Β,
903 4108 1055 4162 zaccharias
1072 4108 1100 4160 P
1170 4106 1283 4160 auieB¹

158 4191 185 4242 21
208 4195 234 4244 et
254 4209 301 4249 om.
322 4212 340 4264 p
448 4195 603 4250 helisabeth
628 4195 684 4248 ΒΤ
703 4195 753 4266 OQ
770 4196 797 4249 L
883 4198 917 4250 22
941 4197 1032 4265 deum]
1055 4195 1192 4250 dominnm
1213 4195 1283 4250 osv

159 4279 258 4333 ΑΕΗ]
272 4287 374 4349 (παθη.
395 4284 464 4338 Gau.
487 4284 546 4339 Tol.
567 4285 616 4350 al.)

1214 4387 1247 4442 7*
