3100 4967
277 295 341 358 368
624 291 650 343 S.
680 289 815 345 Aureli
844 289 1061 358 Augustini

277 486 462 549 fixerunt
492 504 586 548 eum.
620 483 717 549 ²¹nos
752 486 884 548 autem
914 483 1190 566 sperabamus,
1219 481 1316 562 quia
1339 483 1426 566 ipse

277 598 341 656 est
364 591 625 656 redemturus
649 588 821 666 israhel,
845 593 885 654 et
907 608 1010 654 nuno
1034 607 1155 670 super
1177 589 1424 654 haecomnia

276 698 404 763 tertia
437 697 523 762 dies
546 696 677 776 ‚hodie
711 697 815 778 quod
849 696 946 760 haec
975 696 1218 760 factasunt.
1258 694 1361 760 ²²scri
1389 707 1425 760 et

277 806 473 870 mulieres
494 803 688 886 quaedam
713 823 754 868 er
773 803 931 868 nostris
954 806 1198 868 terruerunt
1221 821 1302 879 nos,
1327 821 1427 884 quae

278 915 369 976 unte
398 912 529 976 lucem
558 911 725 974 fuerunt
754 910 799 974 ad
827 912 1140 988 monumentum,
1175 907 1243 972 ”et
1270 928 1347 973 non
1376 909 1465 972 ins

277 1021 398 1082 uento
437 1037 606 1100 corpore
645 1017 734 1082 aius
772 1019 973 1080 uenerunt
1003 1015 1191 1080 dicentes
1224 1034 1266 1080 sa
1301 1015 1427 1079 etiam

277 1122 1424 1208 uisionemangelorumuidisse,quidicunteumuiuere.

275 1230 345 1294 2⁴et
368 1231 560 1294 abierunt
592 1229 753 1311 quidam
783 1247 825 1291 ex
853 1227 1009 1293 nostris
1038 1227 1083 1292 ad
1111 1232 1426 1292 mouumentum.

275 1339 315 1400 et
342 1337 410 1398 ita·
429 1337 674 1401 inuenerunt
703 1335 814 1399 sicut
841 1335 1034 1399 mulieres
1062 1334 1266 1416 dixerunt,
1291 1335 1424 1416 ipsum

274 1462 369 1507 uero
394 1461 467 1506 nou
491 1442 690 1506 uiderunt.
724 1441 801 1505 baec
825 1442 1000 1506 secundum
1019 1440 1139 1505 Lucam
1159 1441 1205 1504 ita
1227 1444 1368 1518 narrant,
1391 1446 1426 1504 ut
1444 1469 1466 1502 u

274 1549 458 1626 meminisse
491 1567 527 1612 ac
559 1548 697 1613 recolere
727 1551 902 1629 potuerunt
929 1546 1013 1629 quod
1040 1567 1060 1610 a
1087 1546 1274 1611 mulieribus
1304 1547 1424 1611 dictum

275 1660 342 1719 orat
360 1654 413 1720 uel
433 1676 450 1720 a
470 1654 648 1736 discipulis
669 1654 723 1736 qui
747 1658 952 1719 cucurrerant
970 1652 1010 1717 ad
1027 1657 1281 1729 monumentum,
1301 1655 1425 1736 quando

275 1763 320 1827 ais
341 1763 521 1826 nuntiatum
541 1765 600 1838 cst,
620 1760 705 1843 quod
730 1761 870 1824 ablatum
895 1760 967 1824 inde
991 1761 1035 1825 sit
1058 1779 1172 1843 corpus
1196 1760 1277 1824 eiua.
1303 1760 1425 1845 etipse

273 1868 400 1950 quidem
419 1868 522 1932 Lucas
537 1867 668 1931 Petrum
687 1871 813 1931 tautum
833 1867 912 1931 dicit
930 1867 1109 1931 cucurrisse
1124 1867 1164 1931 ad
1183 1870 1424 1932 mouumentum

273 1981 303 2040 et
340 1975 600 2058 procumbentem
639 1975 759 2039 uidisse
796 1975 980 2040 linteamina
1017 1977 1086 2039 sola
1117 1975 1223 2056 posita
1254 1980 1287 2038 et
1321 1975 1424 2040 abisse
1442 1999 1464 2036 rs

184 2135 188 2138 .
273 2101 380 2148 secum
413 2082 579 2146 mirantem
614 2081 697 2164 quod
731 2082 852 2146 factum
884 2081 995 2145 fuerat.
1028 2082 1089 2145 hoc
1128 2085 1235 2145 autem
1263 2081 1302 2146 de
1331 2081 1423 2146 Pet-ro

271 2193 509 2265 commemorat,
537 2189 723 2271 priusquam
751 2191 856 2252 narret
884 2187 921 2251 de
949 2187 999 2251 his
1027 2187 1165 2262 duobus
1193 2205 1274 2268 quos
1298 2189 1420 2251 inuenit

270 2296 301 2360 in
335 2295 398 2373 uia,
435 2301 642 2379 posteaquam
681 2295 821 2359 uamcuit
853 2294 891 2358 de
924 2294 1123 2371 mulieribus,
1161 2313 1240 2376 quae
1274 2295 1419 2359 uiderant

269 2403 398 2485 angelos
418 2405 449 2466 et
471 2401 510 2465 ab
530 2401 575 2466 eis
595 2401 768 2477 audierant,
789 2399 873 2483 quod
892 2401 1116 2466 resurrexisset
1133 2401 1235 2478 Iesus,
1254 2405 1417 2484 tamquam

268 2513 344 2572 tuuc
367 2509 481 2572 Petrus
506 2509 545 2572 ad
568 2513 810 2574 mouumentum
839 2508 1023 2573 cucurrerit.
1056 2509 1113 2572 sed
1137 2508 1337 2591 intellegitur
1359 2507 1418 2572 hoc
1435 2535 1459 2569 ι.»

268 2615 370 2696 Lucas
403 2614 640 2697 recapitulando
669 2616 817 2696 posuisse
845 2614 884 2678 de
911 2615 1016 2681 Petro.
1058 2620 1135 2679 tunc
1168 2615 1250 2679 enim
1280 2615 1418 2681 cucurrit

268 2722 381 2786 Petrus
397 2721 703 2798 concremantem,
723 2721 846 2804 quando
863 2723 895 2784 et
909 2722 1074 2795 Iohannes,
1090 2741 1162 2786 cum
1182 2725 1309 2786 tautum
1324 2723 1417 2788 modo

268 2847 286 2890 a
317 2827 518 2903 mulieribus,
551 2829 719 2910 praecipue
748 2847 765 2890 a
792 2827 895 2892 Maria
921 2827 1122 2912 Magdalene‚
1155 2828 1339 2892 nuntiatum
1371 2828 1417 2892 eis

268 2935 371 2998 fuerat
389 2934 427 2998 da
447 2953 576 3016 corpore
600 2935 719 3009 ablato;
746 2939 821 2998 tuuc
846 2938 952 2999 autem
976 2935 1031 2999 illa
1056 2937 1267 3010 nuntiauerat,
1292 2935 1417 3016 quando

362 3179 395 3230 14
415 3179 446 3230 ci.
469 3179 531 3230 Lue
552 3179 594 3232 94.
617 3181 648 3231 l·.'

303 3303 318 3352 ‘2
340 3313 380 3354 est
398 3304 434 3370 B,
455 3307 527 3356 esset
545 3309 603 3363 cet,
623 3302 693 3365 edo,
712 3319 728 3356 v
747 3303 836 3371 (ἐστιν)
929 3305 946 3356 3
966 3304 1009 3357 die
1029 3303 1066 3357 Β1
1157 3305 1249 3374 bodie]
1274 3311 1316 3359 est
1335 3307 1416 3360 hodic

269 3389 333 3442 0²11
349 3391 435 3445 ΕΘΝ
451 3391 491 3446 Ε2
508 3394 601 3462 pappo»
622 3392 690 3448 edd..
709 3409 733 3454 o,
754 3393 846 3462 agitur
864 3393 922 3447 RD
940 3394 1029 3460 (colb.)
1130 3393 1214 3463 quod]
1235 3411 1267 3448 er
1287 3410 1339 3464 quo
1358 3395 1415 3450 RD

267 3485 348 3545 (aare.
369 3487 442 3533 cant.
462 3481 530 3534 colb.
549 3481 600 3548 Ep.
620 3481 680 3535 Ro.
701 3481 759 3548 ot),
779 3498 832 3551 quo
857 3481 911 3532 i'F
927 3483 945 3551 p
960 3499 1018 3551 pm
1037 3486 1093 3552 (ἀφ’
1114 3477 1155 3551 οὗ)
1213 3485 1232 3536 4
1252 3483 1363 3552 quidam
1383 3483 1414 3536 0³

266 3585 316 3622 uos
335 3583 386 3621 om.
409 3568 440 3621 0ι
533 3571 677 3622 omer-auc
696 3569 724 3624 R
814 3573 884 3624 6se
904 3587 955 3625 om.
974 3572 1011 3624 M
1100 3572 1239 3642 iuiuere]
1264 3571 1359 3626 nidere
1378 3575 1415 3626 ΒΙ

268 3659 299 3710 10
319 3656 456 3726 uiderunt]
476 3657 638 3712 inuenerunt
658 3659 714 3712 RD
734 3660 756 3708 V
760 3657 811 3713 Ἤ·
827 3678 861 3729 γχ
880 3659 941 3713 edri.
957 3667 1070 3728 praeter
1086 3678 1122 3728 m,
1139 3679 1156 3715 o
1176 3663 1248 3726 (Aac.
1264 3661 1350 3715 From
1367 3663 1414 3716 ain

265 3750 444 3814 narranturp
535 3747 566 3798 ll
587 3764 603 3799 a
622 3765 674 3800 om.
694 3749 731 3800 B¹
822 3749 854 3800 12
874 3749 1095 3807 acurrerautB1.
1116 3758 1253 3804 currerunt
1273 3751 1415 3805 own

266 3839 440 3888 cucurrerunt
459 3835 485 3889 R
505 3853 519 3886 r
601 3837 633 3888 lo
654 3843 682 3889 et·
701 3839 921 3905 procumbentem
941 3855 992 3892 om.
1012 3840 1042 3892 F
1043 3839 1158 3908 ONMQ
1242 3841 1273 3892 Ιῖ
1293 3851 1413 3894 amaret

266 3919 376 3990 FONQ
390 3940 489 3992 pyra
561 3924 667 3978 iubebit
687 3926 713 3977 B
779 3927 812 3979 19
831 3929 977 3980 resurrexit
998 3928 1047 3981 CP
1058 3947 1089 3995 p,
1109 3929 1225 3982 surrexit
1247 3927 1273 3979 V
1341 3929 1414 3982 iesus

265 4027 316 4062 oric.
338 4011 461 4064 HAE¹L
551 4014 585 4067 23
605 4031 681 4081 apic.
701 4031 751 4068 om.
771 4015 810 4068 B¹
897 4018 1024 4086 praecipu
1044 4016 1091 4070 B¹.
1110 4018 1271 4087 praecipuae
1290 4017 1416 4073 BG¹PM

266 4099 350 4152 uult.
370 4115 420 4152 oco.
441 4100 477 4152 M
496 4101 620 4170 amp
684 4103 862 4172 magdalenae
882 4105 999 4163 BPAL.
1021 4123 1066 4159 ·na
1093 4106 1143 4158 VI
1201 4107 1357 4160 nuntiarum
1379 4107 1411 4160 15¹

264 4185 299 4236 24
319 4203 398 4255 corpo
418 4187 456 4239 Β1
