3100 4967
258 224 324 287 260
617 220 644 274 S.
672 220 809 273 Aureli
833 220 1050 288 Augustini

257 412 324 478 dies
353 416 425 478 ante
451 414 580 495 pascha,
606 412 690 493 quod
718 411 798 476 dixit
818 411 986 485 Iohannes,
1010 430 1082 475 cum
1110 412 1143 476 in
1166 412 1323 477 Bethania
1343 432 1409 477 rom

252 522 381 601 gestam
417 523 567 597 narraret,
605 521 638 583 et
669 516 803 582 biduum
846 522 916 582 ante
957 520 1085 600 pascha,
1123 518 1207 601 quod
1245 519 1409 583 Mattheus

256 624 448 707 Marcusque
477 626 630 702 dixerunt,
655 644 727 689 cum
755 630 830 707 post
857 624 918 689 hoc
941 644 960 689 a
983 642 1017 688 se
1046 625 1167 689 dictum
1194 622 1275 689 illud
1302 626 1408 709 ipsum

256 732 288 797 in
313 733 476 807 Bethania,
501 732 586 815 quod
608 732 775 806 lohannes,
800 734 1091 797 commemorarent.

169 839 234 903 154
301 839 489 903 LXXVIHI.
506 837 657 920 Sequitur
670 837 834 902 Mattheus
850 838 888 901 ab
904 856 940 902 eo
955 840 1036 916 loco,
1050 837 1106 903 ubi
1120 839 1215 903 finem
1234 839 1410 906 feceramus
1436 862 1449 901 a

258 945 501 1011 considerandae
529 945 728 1022 narrationis,
756 947 789 1008 et
816 944 909 1009 dicit:
939 942 1044 1010 ³tuno
1073 946 1294 1031 congregati
1322 952 1411 1011 sunt

257 1052 448 1134 principes
487 1051 726 1115 sacerdotnm
760 1055 796 1115 et
828 1051 1000 1115 seniores
1032 1052 1166 1135 populi
1198 1053 1234 1117 in
1272 1053 1409 1117 atrium

257 1159 444 1243 principis
480 1158 729 1235 sacerdotum,
759 1158 822 1239 qui
856 1157 1054 1223 dicebatur
1083 1157 1222 1237 Salias,
1250 1160 1303 1223 ‘et
1330 1178 1411 1223 con·

259 1265 388 1330 silium
410 1265 595 1341 fecerunt,
615 1267 657 1328 ut
674 1264 801 1329 Iesum
826 1264 911 1329 dolo
931 1268 1108 1329 tenorent
1126 1269 1163 1328 et
1182 1265 1411 1330 occiderent.

258 1372 451 1437 ⁵dicebant
479 1374 618 1435 autem:
649 1389 718 1434 non
746 1372 782 1435 in
807 1369 866 1434 die
889 1370 1001 1447 festo,
1025 1390 1068 1436 ne
1098 1371 1196 1436 forte
1219 1373 1411 1436 tumultus
1433 1395 1455 1433 ιο

257 1478 376 1543 fieret
397 1478 433 1541 in
457 1478 607 1561 populo.
638 1477 733 1542 ⁶cum
758 1482 883 1541 autem
908 1480 1012 1541 esset
1033 1478 1142 1541 lesus
1166 1478 1201 1541 in
1225 1478 1414 1542 Bethania

258 1586 293 1649 in
327 1584 433 1650 domo
474 1584 637 1649 Simonis
678 1583 834 1665 leprosi,
870 1580 1051 1648 laccensit
1083 1583 1128 1647 ad
1161 1602 1243 1648 eum
1276 1583 1415 1647 mulier

259 1692 401 1755 habene
426 1692 658 1755 alabastrum
682 1690 867 1773 unguenti
891 1690 1054 1771 pretiosi
1079 1696 1116 1753 et
1139 1689 1281 1754 effudit
1300 1709 1415 1771 snper

258 1799 372 1879 caput
404 1797 528 1879 ipsius
560 1796 828 1874 recumbentis,
859 1800 890 1860 et
919 1798 1023 1860 cetera
1050 1814 1153 1879 nsque
1180 1796 1219 1859 ad
1246 1796 1330 1859 illud
1357 1796 1416 1859 uhi

259 1904 319 1968 ait:
351 1902 526 1968 ¹³dicetur
559 1907 596 1967 et
629 1903 725 1986 quod
757 1903 848 1967 haec
882 1903 975 1967 fecit
1002 1903 1038 1967 in
1071 1901 1285 1966 memoriam
1320 1904 1414 1966 eius.
1435 1930 1456 1969 a

259 2030 342 2074 nunc
357 2010 421 2074 iam
436 2010 475 2074 de
494 2011 627 2074 muliere
647 2009 749 2090 adque
768 2014 931 2093 unguento
950 2010 1088 2091 pretioso
1108 2008 1193 2091 quod
1211 2009 1243 2073 in
1260 2007 1417 2073 Bethania

259 2120 386 2199 gestum
411 2118 460 2181 est
483 2116 729 2181 consideremus.
752 2116 854 2181 Lucas
879 2116 962 2180 enim
987 2116 1134 2200 quamuis
1158 2116 1263 2180 simile
1291 2116 1415 2179 factum

260 2227 488 2288 commemoret
510 2242 686 2305 nomenque
711 2224 880 2288 conueniat
903 2224 980 2303 eine,
1005 2227 1083 2306 aput
1105 2241 1199 2305 quem
1223 2222 1417 2286 conuiuaba-

260 2332 312 2393 tur
345 2329 491 2395 dominus
526 2366 565 2376 —
600 2349 671 2393 nam
707 2332 739 2394 et
765 2330 873 2411 ipsum
906 2328 1067 2394 Simonem
1100 2329 1178 2392 dicit
1209 2365 1262 2398 -,
1296 2332 1415 2396 tamen.

261 2435 336 2516 qnia
359 2456 419 2501 non
443 2442 494 2500 est
517 2440 626 2501 contra
649 2440 793 2500 naturam
818 2436 871 2500 uel
895 2438 1002 2499 contra
1024 2455 1144 2499 morem
1168 2436 1346 2514 hominum,
1368 2438 1416 2510 ut,
1434 2462 1458 2501 ao

260 2542 288 2605 si
312 2546 418 2626 potest
442 2564 523 2608 unus
547 2545 641 2609 homo
665 2544 780 2607 habere
803 2543 931 2608 uomina
949 2543 1021 2623 duo,
1045 2542 1147 2608 multo
1167 2543 1268 2627 magis
1289 2543 1418 2624 possint

261 2651 293 2711 et
325 2669 424 2713 unum
456 2669 569 2714 nomen
603 2650 717 2713 habere
750 2649 894 2714 homines
929 2648 1002 2724 duo,
1033 2648 1143 2730 potius
1181 2648 1334 2713 credibile
1368 2653 1418 2713 est

261 2754 359 2819 alium
387 2756 487 2820 fuisse
515 2756 608 2820 illum
642 2754 815 2831 Simonem,
847 2774 908 2819 non
936 2756 1108 2837 leprosum,
1135 2754 1167 2818 in
1196 2755 1290 2819 cuius
1321 2755 1416 2821 domo

352 3016 594 3077 lcf.Ioh.12,l
697 3016 833 3069 BMatth.
852 3016 896 3083 26,
915 3018 984 3070 3-7
1092 3017 1124 3069 15
1143 3016 1181 3071 ib.
1202 3016 1235 3069 13
1329 3017 1362 3070 17
1383 3017 1415 3071 ci.

263 3102 326 3159 Luc.
347 3106 371 3167 7,
392 3106 499 3160 36-50

299 3246 403 3313 lquos
421 3262 495 3300 rem
567 3247 725 3301 bethaniam
743 3246 782 3300 B¹
849 3246 977 3300 Buarret
994 3248 1022 3300 B
1094 3247 1231 3300 mattheus
1249 3264 1416 3317 marcusque

262 3331 348 3387 BRT
364 3332 394 3386 F
408 3332 449 3386 E²
465 3354 481 3404 γ
496 3352 552 3404 pp,
576 3335 713 3389 mattheus
737 3338 765 3387 et
788 3351 893 3388 marcus
912 3351 981 3404 quae
1000 3338 1096 3404 (aeque
1117 3334 1162 3403 0²)
1183 3334 1251 3397 0¹1²,
1270 3337 1416 3390 mattheus

264 3424 291 3474 et
316 3422 391 3475 lucas
414 3423 452 3476 M
472 3423 511 3491 H,
537 3440 641 3477 marcus
667 3428 695 3477 et
719 3424 795 3477 lucas
825 3424 904 3493 ONQ
927 3423 1031 3491 AE1L,
1056 3424 1154 3477 matth.
1180 3428 1208 3477 et
1231 3440 1344 3479 marcus
1369 3431 1416 3479 cet.

262 3508 375 3563 Billnm
395 3508 442 3573 B¹,
461 3512 527 3565 illuc
544 3511 584 3565 Βπ
656 3510 736 3583 ipsud
754 3510 861 3565 A¹E¹L
915 3513 1088 3567 bmattheus
1107 3512 1231 3567 13¹an
1249 3530 1271 3576 r,
1292 3532 1363 3584 ergo
1381 3532 1416 3567 na

263 3602 309 3651 cet.
402 3600 444 3667 eo]
467 3600 559 3653 eodem
579 3598 637 3654 RD
708 3600 1016 3653 lituae-sacerdotum
1036 3600 1086 3653 lin.
1105 3616 1168 3654 une.
1187 3600 1214 3653 L
1290 3601 1417 3656 Bonitas

262 3685 347 3740 BBT
372 3686 402 3749 0,
427 3688 514 3757 caiph.
538 3694 585 3741 cet.
696 3690 725 3741 11
753 3704 813 3741 oum
842 3690 945 3757 autem]
974 3689 1072 3757 beabit
1094 3690 1166 3757 Eup.
1190 3690 1259 3743 Eae.
1283 3691 1417 3758 micam

264 3775 297 3829 13
316 3792 398 3845 supra
415 3774 483 3831 13²3
501 3776 535 3830 Η
605 3776 805 3830 dicetur-eius
824 3778 873 3831 lisa.
891 3794 954 3834 uae.
974 3778 1000 3830 L
1083 3779 1116 3832 18
1136 3779 1161 3832 ei
1179 3794 1246 3832 rac
1323 3780 1415 3833 conui-

262 3868 342 3917 natur
361 3864 451 3920 E¹LS
513 3866 545 3919 19
565 3882 627 3920 nam
645 3882 696 3922 can.
715 3865 753 3918 B¹
817 3866 852 3921 20
872 3868 925 3935 est]
946 3883 1004 3920 esse
1023 3866 1077 3929 Mt
1098 3869 1170 3921 esset
1188 3865 1234 3920 Μ’
1304 3870 1340 3922 21
1362 3868 1414 3921 duo

264 3957 326 4018 (om.
345 3952 398 4024 N¹)
416 3954 516 4008 habere
534 3954 644 4008 uomina
661 3953 742 4016 N²r,
761 3972 832 4008 noun
853 3955 878 4007 h.
899 3955 988 4024 duop
1086 3955 1166 4009 multi
1184 3954 1224 4008 B²
1327 3958 1415 4025 magis

262 4058 314 4099 om.
333 4041 381 4105 B¹‚
399 4058 420 4096 s.
441 4042 458 4095 l.
479 4042 544 4097 add.
564 4040 603 4097 B²
657 4045 762 4113 possint
781 4060 816 4095 m.
835 4044 923 4113 magis
942 4042 975 4096 N
1020 4045 1055 4097 22
1073 4043 1191 4098 hominis
1213 4044 1302 4099 O¹PI¹
1361 4046 1413 4113 estl

264 4130 329 4184 add.
350 4134 377 4185 et
394 4130 434 4185 B¹
