3100 4967
221 320 264 370 de
287 333 387 371 cons.
410 317 752 386 euangelistarum
771 316 820 371 lib.
839 316 876 371 II.
896 335 953 389 cap.
972 318 1098 373 L-LIII
1180 324 1245 385 215

110 512 248 597 signnm
272 514 423 594 quaerit
447 514 484 577 et
508 513 656 597 signum
680 532 750 578 non
774 512 927 577 dabitur
950 513 983 576 ei
1002 513 1074 579 nisi
1100 513 1246 597 siguum

109 619 218 683 Ionae.
247 620 307 683 hoc
335 618 399 683 iam
428 623 460 683 et
492 619 568 683 alibi
601 618 680 683 dixit
711 618 797 683 idem
829 618 1003 684 Mattheus.
1035 620 1119 685 unde
1151 621 1247 685 otiam

110 724 198 807 adque
223 725 317 789 etiam
341 725 542 789 retinendum
565 728 615 790 est
639 724 766 807 saepius
792 725 955 790 dominum
983 726 1093 790 eadem
1121 725 1249 803 dixisse,

109 836 140 894 nt
169 833 251 915 quod
284 832 437 897 existente
470 832 625 897 contrario
659 832 742 896 solui
775 850 836 895 non
869 832 1009 915 potuerit
1040 832 1091 897 bis
1127 832 1250 898 dictum

86 938 311 1023 sintellsgatur.
344 940 429 1005 hunc
462 958 536 1003 sane
571 937 711 1003 ordinem
745 938 842 1003 etiam
875 938 1003 1003 Marcus
1034 942 1145 1003 tenens
1177 946 1251 1021 post

109 1044 180 1109 illud
207 1045 244 1109 do
273 1048 395 1127 septem
424 1046 558 1129 panibus
593 1044 784 1109 miraculum
817 1044 878 1109 hoc
904 1044 991 1109 idem
1019 1044 1139 1111 subicit
1165 1046 1249 1128 quod

111 1150 271 1229 Mattheus,
290 1152 352 1217 uisi
372 1152 456 1234 qnod
476 1152 699 1222 Dalmanutha,
719 1152 805 1233 quod
823 1151 855 1216 in
875 1150 1066 1233 quibusdam
1087 1152 1250 1217 codicibus

110 1258 223 1341 legitur,
252 1278 313 1323 nou
343 1258 422 1322 dixit
448 1258 624 1336 Mattheus,
654 1258 710 1322 sed
738 1258 906 1342 Magadan.
940 1278 1001 1323 non
1030 1262 1137 1323 autom
1161 1258 1251 1323 dubi-

111 1365 228 1429 tandum
261 1370 312 1430 est
344 1366 479 1429 eundem
511 1366 618 1430 locum
648 1384 718 1429 esse
752 1366 811 1429 sub
845 1368 980 1447 utroque
1013 1367 1147 1430 nomine.
1180 1386 1253 1430 nam

80 1493 98 1528 u
112 1472 238 1555 plerique
271 1472 397 1537 codices
430 1491 491 1536 non
524 1472 641 1537 hahent
678 1472 773 1536 etiam
808 1470 981 1536 secundum
1013 1471 1157 1537 Marcum
1189 1472 1252 1535 nisi

113 1579 261 1662 Magadau.
280 1598 338 1643 nso
360 1578 442 1643 illud
465 1582 604 1655 moueat,
626 1576 709 1661 quod
728 1578 856 1642 Marcus
881 1597 940 1642 non
964 1578 1043 1642 dicit
1066 1597 1253 1660 responsum

115 1704 176 1749 esse
203 1686 425 1769 quaerentibus
454 1685 581 1769 signum
611 1685 648 1749 de
678 1684 775 1763 caelo,
805 1684 889 1747 idem
918 1684 1004 1766 quod
1027 1684 1191 1749 Mattheus
1215 1685 1253 1749 da

115 1791 190 1870 Iona,
216 1792 271 1856 sed
299 1792 345 1856 ait
374 1793 536 1857 dominum
570 1791 785 1875 respondisse:
816 1791 963 1874 signum
996 1810 1066 1856 non
1101 1791 1254 1856 dabitur

118 1898 153 1959 ei.
173 1899 417 1981 intellegendum
443 1902 492 1963 est
515 1899 597 1963 eninr
623 1900 715 1981 quale
739 1899 899 1981 petebant,
922 1898 983 1963 hoc
1011 1901 1060 1962 est
1088 1898 1127 1962 de
1155 1898 1253 1973 caelo,

86 2020 104 2057 a
118 2007 316 2083 praetermisit
339 2010 443 2070 autern
470 2006 573 2070 dicere
597 2006 634 2069 de
658 2006 743 2083 Iona,
769 2006 853 2087 quod
877 2005 1040 2069 Mattheus
1065 2024 1254 2070 commemo-

119 2112 197 2175 rauit.

156 2218 214 2283 LII.
238 2219 390 2302 Sequitur
408 2219 587 2283 Mattheus:
612 2218 665 2282 ⁴et
687 2219 836 2283 relictis
860 2218 943 2282 illis
968 2218 1074 2283 abiit.
1098 2214 1151 2283 ⁵et
1173 2237 1254 2283 cum
1281 2218 1343 2282 107

120 2326 300 2389 uenissent
337 2324 520 2407 discipuli
559 2324 640 2389 eius
683 2330 787 2389 trans
825 2324 973 2400 fretum,
1012 2323 1124 2389 obliti
1167 2328 1256 2389 sunt

121 2448 218 2511 panes
242 2432 425 2513 accipere.
452 2431 529 2515 ⁶qui
554 2430 649 2495 dixit
671 2430 769 2495 iilis:
793 2431 995 2495 intuemini
1019 2434 1055 2495 et
1079 2435 1212 2496 cauete
1237 2451 1255 2495 a

90 2536 288 2604 aciermento
327 2538 619 2603 Pharisaeorum
658 2540 693 2602 et
726 2536 1042 2615 Sadducaeorum,
1080 2541 1112 2603 et
1152 2542 1257 2603 catera

122 2646 273 2725 usquead
300 2644 383 2711 illud
414 2644 469 2709 ubi
503 2644 559 2709 ait:
595 2644 711 2708 ¹²tunc
744 2643 1030 2720 intellexerunt,
1064 2644 1152 2725 qnia
1184 2664 1256 2709 non

123 2748 244 2816 dixerit
271 2751 477 2817 cauendum
507 2771 526 2815 a
552 2751 734 2815 fermento
768 2770 913 2833 panum,
943 2751 1008 2815 ssd
1035 2770 1054 2813 a
1082 2750 1258 2817 doctrina

123 2854 393 2923 Pharisaeorum
413 2861 450 2923 et
464 2856 778 2922 Sadducaeorum.
799 2858 875 2921 haec
892 2856 1001 2922 eadem
1017 2858 1114 2921 etiam
1128 2857 1256 2922 Marcus

125 2968 149 3022 et
169 2965 271 3029 eodem
296 2964 403 3029 ordine
428 2964 552 3049 digerit.
804 2963 819 2995 ¹

93 3082 111 3119 2⁵
160 3068 232 3134 LIII.
253 3070 404 3152 Sequitur
421 3070 601 3134 Mattheus:
629 3068 761 3133 1³nenit
785 3072 907 3133 autam
931 3069 1039 3133 Iesus
1062 3068 1098 3132 in
1123 3072 1258 3151 partes
1285 3072 1347 3135 108

199 3316 214 3369 2
238 3314 271 3368 cf.
295 3316 394 3369 Matth.
421 3317 462 3377 12,
487 3316 534 3379 39;
564 3314 598 3370 cf.
622 3331 703 3384 supra
727 3330 748 3367 o.
773 3314 808 3367 39
895 3315 912 3367 5
936 3311 971 3365 cf.
994 3312 1077 3365 Marc.
1101 3312 1127 3378 8,
1153 3312 1258 3367 10-12

130 3398 151 3448 1ῖ
170 3400 260 3457 Matth.
282 3403 441 3469 rosh—6
488 3405 520 3457 21
543 3403 579 3457 ib.
602 3403 634 3456 12
682 3403 717 3457 23
737 3402 770 3455 oi.
791 3401 873 3455 Marc.
892 3402 917 3465 8,
938 3401 1041 3455 13-21
1089 3400 1258 3456 25¹³Mattn.

129 3487 161 3545 16,
180 3492 208 3544 13
227 3497 254 3545 et
277 3493 310 3546 14

154 3597 167 3647 2
184 3601 268 3669 ionae]
290 3599 356 3655 add.
376 3598 525 3669 prophetae
544 3598 606 3651 DV
622 3616 663 3668 χω
683 3598 743 3653 edd.
761 3604 906 3667 praeterq
995 3597 1061 3665 iarn]
1081 3597 1162 3650 etiam
1176 3596 1261 3651 RTD

129 3688 203 3747 arad
245 3687 399 3741 6snbiecit
422 3687 448 3739 V
494 3688 523 3741 11
545 3687 657 3741 mobaat
675 3688 702 3739 B
750 3688 782 3741 13
803 3686 913 3739 dauitnr
931 3685 958 3738 B
1006 3687 1039 3740 14
1059 3690 1102 3739 est
1121 3684 1261 3738 etenimB

128 3774 244 3837 putabant
266 3776 299 3829 N
390 3778 421 3829 17
447 3776 570 3829 et-eius
594 3793 645 3831 om.
670 3780 752 3843 (apat.
777 3778 852 3842 auc.)
871 3774 897 3827 L
1005 3775 1094 3828 habiit
1117 3774 1142 3827 Τ
1158 3772 1213 3841 NQ
1230 3772 1264 3826 Η

131 3860 156 3911 18
172 3862 303 3919 benissent
321 3864 360 3918 B¹
397 3866 432 3919 20
450 3866 524 3919 iaris.
549 3865 579 3926 Τ,
599 3864 688 3917 sarisa.
709 3864 742 3917 H
796 3867 824 3917 et
843 3862 953 3918 sadduc.
973 3880 1024 3918 oca.
1044 3863 1070 3917 L
1125 3861 1215 3918 saduc.
1240 3862 1263 3914 Τ

133 3948 170 4001 GP
184 3954 238 4007 ΑΕ
253 3954 322 4017 edd,
342 3953 473 4008 saddueh.
492 3954 519 4008 R
622 3954 655 4007 21
678 3958 742 4007 tuno
761 3970 813 4006 om.
833 3952 860 4004 B
964 3952 998 4005 22
1018 3952 1181 4005 fermentum
1202 3949 1263 4004 ΟΨ

131 4036 157 4089 23
177 4040 261 4096 saduc.
289 4043 315 4097 Τ
336 4042 457 4104 HAEL,
487 4042 596 4097 saduch.
621 4040 658 4103 N,
688 4041 819 4098 sadduch.
847 4041 875 4095 R
983 4039 1088 4110 eadem]
1118 4041 1200 4093 etiam
1223 4039 1262 4091 Β1

131 4125 157 4179 a
175 4136 200 4181 et
215 4146 263 4187 orn.
282 4130 360 4201 N¹p
451 4131 599 4201 eodemque
619 4148 640 4199 p
733 4130 846 4200 digerit}
871 4129 940 4186 dixit
964 4131 1000 4195 (ix
1023 4131 1055 4183 in
1076 4132 1145 4197 ras.)
1171 4128 1200 4193 0,
1221 4127 1262 4182 di·

131 4217 190 4269 uerit
206 4218 229 4271 P
279 4222 312 4275 25
332 4220 563 4291 uenit—philippi
582 4236 632 4275 om.
653 4219 735 4290 (opat.
755 4222 830 4286 uae.)
849 4217 875 4272 L
948 4222 1039 4272 antem
1058 4234 1110 4275 om.
1128 4220 1157 4272 B
