3100 4967
255 280 321 343 246
608 276 635 329 S.
663 274 806 328 Aureli
832 271 1053 342 Augustini

256 470 400 534 disens:
434 467 560 533 “dixit
594 467 766 532 dominus
800 465 947 530 domino
980 484 1071 538 meo,
1099 465 1186 531 sede
1216 485 1234 530 a
1262 464 1405 529 dextris

254 577 359 655 meis,
388 576 503 640 donee
536 592 666 656 ponem
700 572 876 637 inimicos
908 575 995 637 tuos
1028 573 1237 637 scabellum
1270 572 1406 656 pedum

254 686 425 747 tuorum?
459 680 522 746 ⁴⁵si
555 699 642 763 ergo
671 678 794 743 Dauid
826 682 940 744 uoeat
971 698 1050 743 eum
1084 678 1285 756 dominum,
1320 697 1405 760 quo·

255 789 362 853 modo
394 788 504 853 filius
534 788 616 852 eius
649 790 727 851 est?
760 785 829 849 ⁴“et
860 804 964 849 nemo
998 789 1147 867 poterat
1178 784 1405 867 respendere

255 894 288 959 ei
324 895 490 970 uerbum,
523 912 640 975 nsque
679 912 795 958 ausus
832 892 907 956 fuit
939 894 1138 975 quisquam
1171 910 1212 955 er
1244 890 1314 955 illa
1347 889 1405 955 die
1434 908 1446 944 ⁵

255 1020 336 1065 eum
375 1000 538 1083 amplius
576 1000 822 1083 interrogare.
866 999 926 1063 hoe
962 1002 1189 1079 consequenter
1226 1003 1258 1062 et
1293 998 1406 1063 eedem

256 1106 361 1171 ordine
380 1106 507 1171 Marsus
528 1126 655 1189 quoque
675 1108 911 1170 commemoret
929 1106 1033 1170 Lueas
1053 1105 1149 1169 etiam
1167 1109 1293 1170 tuntum
1311 1104 1405 1169 medo

254 1212 293 1277 de
317 1213 373 1277 illo
397 1217 483 1278 tacet
506 1213 559 1295 qui
582 1212 794 1296 interrogauit
818 1212 990 1288 dominum,
1011 1211 1096 1293 qued
1115 1215 1202 1276 esset
1219 1209 1406 1275 mandatum

252 1319 390 1402 primum
415 1320 446 1383 in
470 1317 555 1403 lege3
580 1320 641 1384 boe
665 1322 773 1383 entem
797 1318 1020 1402 praetermisso
1050 1318 1183 1383 eundem
1211 1319 1309 1383 etiam
1337 1318 1406 1399 ipse

255 1425 395 1491 ordinem
419 1430 536 1500 seruet,
563 1427 595 1489 et
617 1425 677 1489 boe
702 1423 740 1489 de
765 1423 903 1502 Christo,
927 1425 1085 1507 quomode
1109 1425 1153 1489 sit
1179 1424 1264 1489 filius
1289 1423 1406 1499 Dauid,
1424 1442 1446 1479 ιο
1530 1407 1531 1426 ³

254 1533 460 1614 quaesisses
487 1530 614 1596 Iudaeis
643 1531 806 1595 dominnm
835 1532 953 1614 pariter
979 1534 1092 1595 narrat.
1121 1550 1178 1595 nee
1206 1530 1341 1595 interest
1367 1529 1407 1594 ad

254 1639 454 1715 sententium,
474 1638 559 1719 quod
579 1637 753 1702 seeundum
767 1638 959 1712 Mattheum‚
974 1656 1047 1701 eum
1061 1639 1290 1722 interrogasset
1302 1638 1406 1713 Iesus,

254 1744 330 1826 quid
354 1746 399 1811 eis
424 1744 571 1809 uideatur
593 1743 632 1808 de
657 1743 795 1820 Christo,
821 1745 912 1808 euius
936 1748 1023 1809 esset
1044 1744 1141 1822 filius,
1165 1744 1213 1808 illi
1235 1744 1407 1826 respende-

253 1854 339 1915 runt:
363 1850 494 1927 Dauid,
516 1854 585 1915 turn
605 1850 733 1914 demum
754 1850 873 1926 intulit,
894 1850 1051 1932 quemodo
1072 1870 1144 1915 eum
1163 1849 1267 1914 Dauid
1286 1850 1409 1913 diceret

254 1956 430 2034 dominum
465 1958 638 2021 seeundum
672 1956 745 2023 illos
779 1961 885 2021 autem
919 1957 1009 2035 duos,
1038 1958 1181 2022 Marcum
1214 1963 1247 2022 et
1272 1958 1406 2033 Lucam,
1425 1975 1448 2013 1⁵

245 2081 310 2127 nee
338 2063 524 2146 interrogati
552 2082 622 2128 esse
655 2083 711 2128 nee
742 2064 944 2146 respondisse
975 2063 1190 2129 inueniuntur.
1217 2062 1407 2148 intellegere

253 2168 336 2233 enim
369 2169 520 2233 debemus
553 2173 627 2253 pest
659 2190 766 2236 eorum
799 2171 1038 2253 responsionem
1074 2170 1263 2235 sententiam
1302 2170 1407 2253 ipsius

253 2274 373 2340 domini
402 2293 420 2338 a
451 2274 577 2341 duobus
610 2276 818 2360 euangelistis
851 2278 1053 2354 insinuatam,
1084 2276 1241 2359 quomedo
1275 2277 1315 2341 ab
1350 2276 1405 2341 illo

252 2381 339 2446 dieta
362 2381 414 2460 sit,
433 2381 483 2446 his
507 2382 710 2447 audientibus
734 2403 816 2465 quos
839 2384 968 2448 uolebat
991 2403 1049 2448 suo
1073 2383 1257 2467 magisterio
1282 2384 1408 2448 utiliter

251 2488 420 2553 informare
448 2493 481 2552 et
508 2490 546 2553 ab
576 2489 750 2553 scribarum
779 2490 914 2554 alienare
943 2490 1093 2567 doctrina,
1123 2491 1177 2571 qui
1207 2490 1246 2553 de
1275 2488 1406 2554 Christe
1424 2510 1448 2549 ee

250 2593 332 2657 illud
356 2594 460 2659 solum
485 2595 660 2677 sapiebant,
686 2596 769 2678 qued
794 2596 969 2661 seeundum
993 2615 1119 2661 earnem
1146 2597 1251 2661 faetus
1275 2600 1347 2661 erat
1371 2615 1407 2659 er

252 2700 371 2764 semine
398 2700 514 2777 Dauid,
544 2720 605 2765 non
638 2720 710 2765 eum
743 2705 850 2767 autern
882 2703 1112 2787 intellegebant
1143 2702 1248 2779 deum,
1275 2707 1408 2785 propter

252 2806 336 2888 quod
360 2810 426 2871 erat
450 2807 596 2872 deminus
619 2808 722 2891 ipsius
742 2808 856 2873 Dauid.
875 2809 945 2874 ideo
970 2812 1133 2891 tamqnam
1158 2808 1196 2873 de
1214 2808 1280 2873 illis
1301 2829 1407 2873 erren-

251 2912 347 2988 tibus
366 2911 512 2979 dominus
541 2914 580 2978 ed
612 2914 693 2979 istos
727 2934 903 2979 sermonem
936 2914 1056 2979 faciens
1089 2935 1168 2998 qnos
1202 2915 1334 2980 nolebat
1367 2916 1406 2979 ab

252 3019 380 3083 illorum
406 3040 507 3085 errore
530 3020 657 3085 liberari
681 3021 857 3086 secundnm
879 3022 938 3086 bos
966 3022 1045 3087 duos
1074 3022 1289 3107 euangelistae
1319 3042 1407 3087 eem-
1423 3043 1448 3081 se

253 3128 454 3203 memoratur,
474 3129 512 3192 ut
531 3126 615 3208 quod
634 3127 700 3191 illis
721 3128 841 3192 dietum
863 3136 926 3192 est:
946 3129 1129 3211 quemodo
1154 3129 1298 3205 diuitis,
1319 3130 1407 3194 sieut

341 3403 356 3454 'l
377 3401 409 3457 cf.
429 3402 509 3458 Mure.
532 3404 574 3470 12,
593 3404 698 3458 35-37
774 3404 808 3458 el.
828 3406 892 3459 Luc.
913 3405 956 3473 20,
974 3406 1082 3459 41-44

289 3560 356 3613 lad
376 3559 476 3614 dextris
494 3561 553 3615 ΒΤ
567 3561 609 3616 N¹
627 3563 681 3617 ΕΙ,
741 3564 919 3618 2seabillnm
941 3564 1047 3619 0E¹L
1119 3564 1238 3634 peduum
1256 3567 1283 3619 B
1340 3570 1406 3622 ⁴lei

250 3647 413 3719 respondere
432 3652 470 3721 χψ
489 3650 548 3703 edd.
564 3658 679 3719 praeter
695 3670 746 3721 aa
784 3656 800 3708 9
819 3654 848 3707 in
866 3654 939 3723 lege]
959 3654 1090 3725 intellege
1109 3654 1138 3708 B
1192 3656 1286 3725 etiem]
1308 3662 1405 3712 tamen

250 3740 367 3809 etismy
423 3741 453 3792 11
476 3742 611 3809 quaesisie
630 3742 677 3809 13¹,
698 3744 884 3812 qnesiniesey
950 3745 984 3798 13
1002 3744 1138 3815 uideatur]
1158 3744 1299 3798 uideretur
1318 3746 1366 3799 N‘
1383 3770 1406 3799 ω

250 3846 283 3894 m,
302 3827 447 3896 uideturp
539 3830 572 3883 14
591 3830 899 3903 tuneN²anrael
981 3832 1064 3886 dauid
1082 3832 1180 3902 οπο
1260 3834 1406 3889 dominum

251 3914 353 3970 diceret
370 3916 484 3970 HAEL
576 3919 607 3971 17
629 3919 711 3989 enim]
733 3924 862 3990 eutemp
961 3921 996 3975 20
1015 3922 1061 3991 ab]
1082 3922 1117 3975 ad
1135 3922 1190 3986 M¹‚
1210 3940 1226 3976 s
1244 3922 1293 3975 Μ2
1310 3944 1327 3975 ι
1348 3924 1405 3988 lm,

251 4004 348 4059 uaso
422 4004 572 4061 doctrinam
591 4008 619 4060 B
687 4011 718 4062 21
741 4010 818 4063 illurn
836 4010 975 4065 H¹AE¹L
1041 4012 1076 4065 22
1095 4011 1187 4081 deum]
1208 4011 1349 4067 dominum
1368 4016 1406 4071 B.

251 4110 301 4148 ora
324 4093 359 4147 ΤΙ
431 4095 465 4149 23
485 4094 540 4149 illis
559 4112 648 4165 emp
721 4099 756 4152 24
775 4116 912 4153 sermones
931 4100 1025 4153 Am
1097 4116 1165 4169 quos
1184 4104 1207 4167 (s
1226 4102 1258 4155 in
1274 4107 1347 4169 ras.)
1367 4104 1406 4168 Ε,

251 4182 347 4237 orn.L
401 4182 435 4236 26
455 4184 562 4255 (11101ωο
582 4186 609 4238 Β
