3100 4967
257 264 288 329 ss
716 262 937 317 Praefatio.

256 458 332 521 ueru
350 459 404 523 nbi
423 456 508 521 dtur:
532 456 655 522 Lucas
678 478 765 522 orere
788 458 837 522 ari
858 461 982 541 ipsum
1006 460 1140 525 Dauid
1156 481 1228 542 per
1249 461 1404 527 Natlran

255 562 438 641 aseendit,
466 585 536 646 per
568 585 670 645 quern
696 564 920 646 proplietam
946 565 1035 631 deris
1057 570 1253 647 peceatum
1279 570 1406 650 ipsius

255 672 438 753 expiauit,
456 692 517 753 per
539 673 629 735 corius
652 674 790 736 nominis
806 672 995 754 proplietam
1013 672 1115 738 dicere
1134 672 1236 750 debui,
1255 694 1295 738 ne
1310 680 1406 756 puta·

254 782 341 842 retur
365 776 447 841 idem
469 776 566 857 fuisse
587 777 686 855 trumo,
711 796 782 841 curn
803 778 883 842 ulter
904 778 1008 859 fuerit,
1032 781 1179 861 quamuis
1205 786 1234 844 et
1261 782 1328 862 ipsc
1349 780 1406 845 uu

253 890 428 950 uocaretur.

298 990 371 1057 Hoc
389 1011 467 1073 opus
484 994 530 1055 sie
548 993 676 1072 incipit:
695 990 804 1055 Inter
822 1012 944 1056 omues
966 992 1124 1057 diuinas
1146 995 1402 1058 auctoritates.

297 1098 461 1185 Intellegit
483 1102 590 1163 autem
614 1116 710 1163 annos
734 1100 854 1180 primos
878 1100 1082 1182 episcopatus
1106 1100 1168 1179 sui,
1187 1101 1242 1183 qni
1262 1100 1405 1165 efficiunt

252 1206 391 1271 lustrum
411 1206 497 1271 uitae
517 1204 686 1286 decimum,
700 1207 822 1271 saeculi
840 1207 946 1289 quarti
965 1206 1124 1271 ultimum.
1140 1225 1212 1271 nam
1232 1225 1304 1271 cum
1326 1226 1404 1273 anno

253 1312 367 1378 aetatis
392 1331 469 1378 suae
492 1310 735 1397 quadragesimo
759 1312 870 1395 quinto
893 1312 1033 1393 proxime
1058 1312 1205 1377 incohato
1229 1312 1299 1377 siue
1322 1331 1402 1377 anno

252 1438 284 1501 p.
309 1416 382 1485 Chr.
406 1438 436 1483 n.
460 1418 684 1484 uenenorum>
708 1418 914 1503 nonagesimo
939 1418 1049 1500 quinto
1073 1421 1204 1484 exeunte
1233 1419 1403 1501 episcopus

251 1525 357 1590 iectus
386 1526 481 1603 esset,
509 1524 647 1609 primum
676 1542 756 1608 opus
786 1525 916 1608 scripsit
942 1524 981 1587 cte
1007 1525 1145 1589 diuersis
1171 1523 1405 1610 quaestionibus

251 1631 296 1697 aa
318 1630 571 1712 Simplicium,
596 1630 688 1696 ouius
711 1631 905 1696 mentionem
927 1630 1005 1696 iecit
1026 1630 1076 1696 his
1096 1630 1203 1695 uerbis
1221 1634 1295 1696 retr.
1314 1632 1346 1705 2,
1368 1634 1401 1694 1:

253 1738 415 1816 lunum,
444 1756 520 1818 quos
546 1740 709 1819 epriscopus
736 1737 910 1815 elaborant,
928 1739 1047 1819 primi
1070 1736 1133 1801 cino
1159 1742 1233 1801 sunt
1256 1738 1300 1800 acl
1322 1738 1402 1800 Sirra

245 1844 425 1925 piieianum
456 1842 599 1908 canusiae
630 1842 884 1909 Mediolanensis
920 1845 1102 1921 antistitem,
1138 1846 1194 1925 put
1225 1842 1402 1909 beatissimo

249 1950 396 2015 successit
428 1948 606 2027 Ambrosio,
639 1949 676 2013 rie
713 1950 850 2014 discursis
886 1950 1134 2031 prmcstionibus;
1171 1948 1208 2013 de
1245 1950 1401 2031 praedest.

250 2062 349 2123 sanet.
370 2058 401 2130 4,
422 2058 457 2121 8:
480 2056 510 2120 si
532 2058 701 2131 curassent,
724 2058 922 2120 inuenissent
943 2058 1038 2119 istam
1061 2056 1273 2136 quaestionem
1294 2076 1401 2120 seeun-

250 2164 326 2229 dum
348 2164 510 2229 acritatem
533 2162 719 2226 diuinarum
740 2163 972 2244 scripturarum
987 2161 1124 2226 solutam
1141 2163 1178 2225 iu
1193 2163 1301 2243 primo
1320 2162 1400 2226 libro

250 2270 393 2345 driuson,
422 2289 498 2355 quos
525 2268 568 2332 act
595 2269 702 2333 beatae
728 2271 899 2332 memmiae
925 2268 1168 2349 Simplicianunr
1194 2268 1309 2349 scripsi
1336 2269 1400 2350 epi·

249 2397 376 2459 scopum
405 2374 655 2439 Mediolanensis
681 2374 834 2451 ecciesiae,
861 2377 966 2439 suncti
991 2373 1154 2439 Ambrosii
1184 2394 1398 2453 successorem,

251 2483 290 2547 iu
313 2484 396 2563 ipso
419 2480 574 2545 exordio
597 2482 837 2563 episcopatus
858 2482 945 2555 mei;
964 2480 1003 2545 de
1021 2480 1103 2545 dono
1123 2499 1245 2562 persea.
1265 2482 1318 2552 20,
1339 2482 1397 2544 52:

244 2588 373 2671 pierius
395 2607 506 2669 mpero
527 2588 612 2668 coepi
633 2587 669 2650 iu
691 2608 729 2652 ea
746 2586 968 2669 disputatione,
988 2607 1082 2667 quarn
1098 2588 1211 2667 scripsi
1229 2584 1275 2649 ari
1292 2586 1400 2649 beatae

248 2698 415 2760 memoriae
440 2690 692 2773 Simplicianum,
712 2694 890 2775 episcopum
906 2691 1157 2757 Mediolanensis
1178 2691 1334 2768 emicsiae,
1359 2693 1397 2754 in

248 2801 318 2864 mei
346 2802 588 2881 episcopatus
615 2798 780 2875 ceordic,
808 2796 936 2884 quando
962 2803 991 2862 ct
1016 2800 1148 2862 initium
1171 2796 1252 2881 fidei
1280 2794 1398 2860 (ionum

248 2906 300 2972 dei
318 2927 382 2971 esse
400 2906 531 2989 capnoui
549 2910 579 2969 et
596 2908 735 2981 asserui·
753 2906 795 2971 ib.
815 2908 868 2982 21,
888 2906 946 2969 55:
969 2904 1110 2980 uraeont,
1135 2906 1273 2985 inquunt,
1292 2908 1398 2965 utrum

248 3012 405 3098 inprimi
427 3012 499 3076 libri
517 3011 746 3094 posterioribus
762 3012 912 3093 portibus
935 3030 1040 3075 corum
1058 3009 1202 3085 duorum,
1226 3029 1303 3094 quos
1328 3011 1397 3072 mei

248 3122 498 3201 episcopatus
519 3118 645 3193 initio,
670 3121 838 3199 antequam
861 3114 1039 3200 Peiapr'ana
1061 3114 1198 3180 hauseis
1220 3118 1396 3196 appareret,

248 3224 292 3290 ad
311 3222 555 3307 Sirnptieiannm
572 3222 841 3289 Mediolanensem
863 3226 1040 3304 episcopum
1062 3222 1187 3304 serpsi,
1209 3222 1398 3285 remanserit

248 3332 382 3413 aliquid,
415 3350 475 3412 quo
506 3334 634 3395 uocetm
665 3332 701 3395 in
729 3330 862 3395 dubimn
886 3332 1026 3413 pretione
1052 3330 1105 3393 rtei
1131 3348 1198 3393 non
1226 3328 1398 3394 seeundum

247 3441 360 3503 merito
383 3441 493 3503 nostra
515 3436 598 3502 dari.
623 3437 662 3501 ci.
688 3435 726 3502 de
745 3441 817 3505 octo
836 3437 972 3502 Dulcitii
991 3438 1112 3519 quaest.
1134 3438 1164 3512 6,
1181 3438 1214 3509 2ς
1235 3434 1327 3520 epist,
1342 3434 1395 3499 37.

293 3546 430 3612 Sanctus
455 3544 582 3628 quidem
602 3545 792 3610 Ambrosius
811 3544 896 3610 diem
919 3564 1104 3628 supremum
1127 3544 1209 3609 obiit
1230 3563 1310 3609 anno
1330 3544 1395 3609 397

247 3652 348 3738 pridie
380 3653 498 3736 pascha
530 3651 705 3717 seeundum
729 3652 913 3732 Paulinum,
944 3652 1031 3716 uitae
1064 3651 1262 3735 scriptorem,
1292 3650 1396 3734 pridie

247 3760 354 3826 Nonas
373 3759 499 3844 Apriles
519 3760 562 3843 (4.
577 3760 667 3842 Apr.)
687 3778 724 3822 er
742 3757 803 3823 fide
823 3758 1130 3843 martyrologiorum,
1149 3758 1269 3842 pascha
1287 3760 1394 3822 autem

248 3884 327 3932 anno
352 3866 415 3932 397
440 3864 472 3930 in
497 3865 580 3929 diem
606 3865 751 3947 quintum
774 3864 894 3931 mensis
912 3864 1030 3946 Aprilis
1053 3864 1176 3930 incidit.
1195 3864 1269 3930 libri
1285 3863 1395 3949 igitur,

248 3992 328 4055 quos
366 3970 570 4055 Simpliciano
609 3970 647 4033 ad
688 3970 776 4035 illam
815 3970 1002 4056 dignitatem
1044 3948 1159 4037 uocato
1193 3970 1394 4055 Augustinus

247 4078 386 4161 scripsit,
409 4077 482 4141 inde
507 4076 544 4140 ab
569 4075 680 4141 eodem
703 4095 784 4142 anno
804 4077 867 4142 397
889 4095 924 4141 er
943 4075 1050 4141 ordine
1068 4079 1248 4157 temporum
1267 4077 1394 4139 retract.

248 4186 279 4265 2,
314 4185 421 4248 1-16
454 4182 613 4269 (ut-42)
654 4183 788 4248 enarrati
826 4182 872 4248 ita
908 4202 942 4248 se
980 4182 1153 4265 excipiunt:
1186 4182 1225 4247 de
1257 4181 1393 4247 diuersis
