3100 4967
270 295 336 358 362
439 343 440 350 ,
624 289 651 342 S.
680 288 818 343 Aureli
845 288 1061 356 Augustini

269 489 300 550 in
330 507 393 551 una
421 486 556 569 quadam
585 485 771 564 narratione,
806 489 958 568 quantum
987 502 1044 548 nos
1074 482 1222 548 dominus
1250 483 1421 556 adiuuerit,

270 592 536 676 quemadmodum
579 591 645 676 geri
687 592 859 674 potuerint,
907 590 1099 656 ordinemus.
1153 590 1255 672 prima
1295 589 1421 654 sabbati

270 700 421 777 diluculo,
443 698 527 764 sicut
542 717 651 763 omnes
667 699 881 791 consentiunt,
901 704 1034 762 uentum
1050 702 1101 762 est
1114 696 1154 762 ad
1168 703 1421 762 monumentum.

268 808 332 871 iam
355 807 475 872 factum
501 810 577 883 erat,
604 806 689 889 qnod
713 807 803 871 solus
826 805 990 870 Mattheus
1010 807 1240 869 commemorat
1257 804 1295 867 de
1318 807 1421 868 terrae

270 918 358 978 motu
387 917 419 977 et
445 913 551 997 lapide
579 914 726 978 reuoluto
756 912 999 995 conterritisque
1031 910 1219 977 custodibus
1247 910 1304 986 ita,
1328 914 1367 973 nt
1391 908 1420 972 in
1450 931 1462 965 s

270 1023 358 1102 parte
378 1019 484 1101 aliqua
503 1022 594 1086 uelut
612 1019 729 1084 mortui
749 1019 896 1084 iacerent.
916 1019 1141 1094 renitentem,
1160 1016 1247 1082 sicut
1263 1016 1422 1080 Iohannes

270 1127 357 1202 dicit,
390 1125 490 1190 Maria
518 1126 705 1210 Magdalene
738 1126 807 1190 sine
840 1125 937 1190 dubio
967 1125 1080 1189 ceteris
1109 1123 1309 1198 mulieribus,
1340 1139 1421 1203 quae

270 1232 396 1298 domiuo
434 1232 701 1310 ministrauerant,
739 1232 912 1314 plurimum
951 1231 1118 1295 dilectione
1160 1228 1344 1304 feruentior,
1387 1234 1423 1291 ut

270 1359 329 1404 non
358 1339 504 1404 inmerito
533 1339 688 1404 lohannes
717 1340 818 1403 solam
847 1341 1109 1402 commemoraret
1134 1336 1241 1401 tacitis
1269 1335 1318 1400 eis
1342 1353 1421 1417 quae

270 1466 343 1509 cum
371 1447 427 1510 illa
459 1447 597 1523 fuerunt,
626 1446 711 1510 sicut
743 1445 798 1509 alii
829 1448 997 1510 testantur.
1039 1445 1128 1509 uenit
1159 1461 1234 1526 ergo
1273 1445 1307 1507 et
1339 1441 1422 1505 uidit
1439 1464 1462 1502 n

269 1552 406 1636 lapidem
432 1553 592 1617 sublatum
615 1572 632 1616 a
654 1557 871 1631 monumento,
897 1554 1065 1632 antequam
1090 1549 1211 1632 aliquid
1233 1548 1420 1633 diligentins

270 1661 450 1742 inspiceret,
492 1680 553 1725 uon
595 1659 743 1724 dubitans
782 1658 923 1722 ablatum
961 1657 1035 1722 inde
1071 1676 1143 1722 esse
1187 1675 1303 1738 corpus
1347 1655 1421 1720 lesu

271 1767 420 1842 cucurrit,
449 1767 533 1832 siout
557 1765 640 1831 idem
665 1766 743 1830 dicit
765 1766 932 1841 Iohannem
958 1767 991 1829 et
1013 1763 1176 1829 nuntiauit
1199 1763 1292 1828 Petro
1317 1762 1421 1845 adque

270 1874 332 1955 ipsi
360 1873 501 1938 Iohanni.
539 1873 608 1956 ipse
638 1877 687 1937 est
715 1872 800 1936 enim
829 1871 1017 1954 discipulus,
1046 1890 1140 1953 quern
1170 1870 1297 1934 amabat
1320 1869 1420 1934 Iesus.

271 1984 304 2044 at
335 1979 384 2043 illi
416 1998 539 2044 currere
577 1982 748 2062 coeperunt
780 1978 818 2042 ad
865 1981 1106 2044 monumentum
1143 1980 1176 2041 et
1212 1977 1419 2060 praeueniens
1437 1999 1461 2040 u

270 2085 425 2150 Iohannes
448 2085 617 2150 inclinauit
640 2104 674 2149 se
699 2090 731 2148 et
754 2084 838 2149 uidit
859 2084 964 2161 nosita
986 2083 1172 2149 linteamina
1196 2102 1252 2148 nec
1270 2083 1418 2150 intrauit:

270 2193 384 2257 Petrus
413 2199 519 2257 autem
555 2195 746 2258 consecutus
779 2192 912 2256 intrauit
942 2192 975 2256 in
1007 2194 1249 2257 monumentum
1278 2194 1311 2254 et
1340 2189 1420 2254 uidit

272 2291 517 2363 linteamina
543 2299 682 2382 posita
706 2303 745 2364 et
768 2298 986 2378 sudarium,
1012 2297 1117 2380 qnod
1140 2296 1275 2362 fuerat
1299 2316 1420 2379 super

272 2411 393 2489 caput
430 2407 529 2482 eiua,
568 2426 642 2471 non
676 2425 761 2470 cnm
791 2405 1107 2470 linteaminibus
1132 2404 1324 2487 positum,
1349 2402 1421 2467 sed

271 2513 493 2595 separatim
528 2513 772 2577 inuolutum.
820 2512 931 2576 deinde
970 2516 1002 2577 et
1033 2511 1189 2576 Iohannes
1221 2509 1356 2574 intrauit
1388 2512 1460 2572 atro

269 2618 352 2682 uidit
380 2619 528 2684 similiter
556 2623 588 2683 et
616 2618 751 2682 credidit
779 2619 864 2700 quod
886 2619 988 2682 Maria
1016 2617 1137 2683 dixerat
1160 2616 1325 2681 sublatum
1349 2633 1419 2680 esse

269 2724 431 2789 dominum
461 2725 499 2789 de
527 2728 742 2790 monumento.
777 2724 917 2790 nondum
946 2725 1029 2790 enim
1063 2724 1185 2789 sciebat
1216 2722 1416 2806 scripturam.

268 2832 342 2913 quia
357 2832 524 2915 oportebat
539 2851 610 2896 eum
626 2852 644 2897 a
658 2832 793 2896 mortuis
810 2851 984 2916 resurgere.
999 2832 1147 2896 abiemnt
1158 2849 1232 2914 ergo
1247 2830 1364 2894 iterum
1379 2829 1415 2892 ed

267 2943 369 3002 semet
386 2939 473 3020 ipsos
498 2938 655 3021 discipuli.
679 2938 783 3002 Maria
806 2942 914 3002 autem
937 2939 1043 3003 stabat
1065 2939 1141 3002 ioris
1166 2937 1207 3002 ad
1230 2955 1413 3001 monumen·

355 3182 372 3232 4
392 3179 424 3233 cf.
445 3180 543 3236 Motth.
562 3182 605 3243 28,
625 3183 641 3234 2
697 3182 713 3234 6
733 3182 766 3236 cf.
787 3180 846 3234 Ich,
865 3181 908 3248 20,
930 3183 941 3234 l
999 3182 1034 3234 22
1054 3180 1087 3237 cs.
1106 3181 1164 3235 Iob.
1183 3181 1229 3241 20.
1248 3183 1333 3236 9-1]

303 3304 315 3355 l
337 3304 365 3358 in
384 3320 464 3357 nuarn
486 3304 620 3374 quandam
639 3307 823 3360 narrationem
841 3306 969 3360 HAE¹L
984 3307 1046 3376 φεῖ
1143 3305 1260 3375 quadam
1279 3305 1316 3360 ob
1333 3306 1414 3358 indic

267 3391 425 3446 linearem.
444 3392 484 3446 B¹
539 3394 683 3449 adiuuaret
699 3394 754 3464 M1,
774 3396 824 3450 -rit
840 3394 889 3449 ΜῚ
943 3395 1188 3465 2quamamodum
1207 3393 1246 3448 B¹
1300 3396 1360 3465 regi
1376 3393 1414 3448 Βι

266 3480 388 3549 primop
489 3482 619 3552 brillac]
640 3484 719 3537 uelde
740 3483 889 3538 diluculol
983 3483 1197 3554 lmagdalenae
1215 3482 1274 3537 BD
1295 3481 1414 3538 offla

265 3570 373 3639 ceteris]
394 3587 451 3624 cum
473 3573 570 3625 ceteris
588 3572 646 3627 RD
663 3572 803 3628 HAELS
818 3575 854 3643 γψ
871 3574 966 3637 rael,
987 3591 1046 3628 cum
1066 3574 1129 3627 aliis
1140 3590 1158 3643 9
1194 3573 1373 3628 8denotione
1391 3572 1415 3624 V

264 3657 490 3712 ilcommernorat
509 3659 622 3714 HAEL
640 3680 655 3730 γ
708 3661 741 3714 10
760 3661 869 3717 fuerant
889 3663 957 3731 0¹9
1021 3661 1196 3716 alitertantur
1212 3661 1252 3715 B¹
1312 3667 1341 3715 ut
1357 3661 1413 3714 BD

262 3743 299 3796 M
315 3744 444 3800 A¹E¹Lc¹
460 3766 476 3798 a
494 3765 570 3811 rae,
585 3753 614 3802 et
627 3754 658 3803 ut
673 3756 720 3804 cet.
760 3750 791 3802 ll
808 3750 958 3820 sublatum]
979 3751 1167 3820 reuolutumy
1211 3751 1243 3804 12
1263 3750 1373 3805 dnitms
1386 3750 1412 3802 B

262 3849 320 3886 esse
339 3835 402 3889 inde
422 3852 518 3908 corpus
541 3837 618 3892 OPV
636 3841 662 3910 ψ,
682 3839 745 3892 inda
766 3856 839 3908 corp.
859 3856 918 3894 esse
934 3856 964 3908 p,
984 3857 1043 3894 esso
1063 3858 1085 3895 c.
1104 3840 1204 3909 indeq
1291 3840 1325 3895 13
1341 3839 1411 3894 idern

263 3920 330 3974 dicit
347 3922 414 3990 BD,
434 3923 501 3978 dicit
519 3924 591 3979 idem
612 3933 659 3981 cet.
679 3927 738 3984 edd.
781 3929 816 3981 20
836 3931 864 3981 et
879 3944 923 3995 pr.
943 3944 995 3982 om.
1013 3927 1054 3981 B¹
1072 3927 1220 3982 Hammo
1255 3928 1290 3980 22
1309 3927 1411 3982 sciebat

261 4008 347 4063 BRD
367 4011 447 4064 CPV
461 4013 550 4068 FON
564 4013 727 4070 H¹A¹ELS
741 4020 777 4088 qd
796 4019 885 4072 rael
904 4022 1009 4082 (remon.
1024 4018 1091 4074 colb.
1107 4018 1145 4072 al.
1160 4019 1221 4072 Am,
1235 4017 1322 4071 Doce.
1343 4017 1409 4070 Gon.

265 4098 323 4153 Tol.
340 4101 398 4169 cl),
414 4103 484 4170 Aoq.
500 4104 530 4156 in
544 4121 584 4160 cu.
599 4103 661 4159 roo.
677 4111 710 4158 tr.
726 4109 791 4163 120.
810 4109 840 4172 9;
857 4123 936 4160 serm
956 4109 1201 4174 245.1;246,2;
1217 4107 1342 4161 sciebant
1355 4113 1408 4160 cet..

260 4183 357 4256 effide:
371 4189 431 4244 Sin.
446 4209 480 4246 m.
497 4196 528 4259 1),
542 4193 577 4260 cf.
594 4198 662 4256 360,
677 4197 713 4247 16
768 4195 916 4264 scripturas
930 4194 1044 4249 HAEL
1058 4195 1145 4265 (Tol.)
1181 4196 1216 4249 23
1229 4195 1408 4265 oporteuatB
