3100 4967
261 289 303 352 90
613 285 639 339 S.
670 285 806 340 Aureli
833 285 1050 356 Augustini

215 472 234 536 9
305 479 388 560 Quia
419 499 493 564 ergo
526 500 678 546 numerus
711 483 772 546 isto
805 483 955 546 laboriosi
988 481 1083 545 huius
1116 480 1268 563 temporis
1307 497 1419 544 sacra-

260 590 403 651 mentum
419 597 479 666 est,
496 608 558 671 quo
574 588 633 653 sub
649 588 817 671 disciplina
836 589 919 673 regis
935 587 1052 653 Christi
1073 587 1227 652 aduersus
1247 587 1417 652 diabolum

259 693 458 770 dimicamus,
495 695 590 759 etiam
623 694 704 759 illud
738 693 887 766 declarat.
921 695 1006 777 quod
1044 695 1251 777 quadraginta
1286 693 1416 757 dierum

258 800 424 877 ieiunium,
449 802 508 866 hoc
532 805 582 866 est
604 802 845 866 humilationem
871 802 1003 878 animae,
1030 802 1227 867 consecrauit
1249 805 1282 864 et
1304 801 1354 864 lex
1381 807 1417 866 et

258 907 429 989 prophetae
466 928 522 991 per
557 909 689 992 Moysen
728 912 761 972 et
793 909 917 986 Helian,
955 910 1009 990 qui
1047 907 1257 992 quadragenis
1295 907 1416 972 diebus
1451 929 1464 969 s

257 1013 487 1086 ieiunauerunt,
504 1020 536 1079 et
550 1016 753 1099 euangelium
772 1034 828 1099 per
846 1015 949 1097 ipsius
970 1015 1089 1080 domini
1108 1015 1273 1090 ieiunium,
1293 1014 1416 1096 quibus

258 1120 370 1186 diebus
404 1122 613 1206 quadraginta
646 1123 739 1187 etiam
773 1123 990 1205 temptabatur
1013 1142 1031 1186 a
1054 1122 1189 1200 diabolo,
1214 1121 1290 1203 quid
1323 1120 1416 1184 aliud

259 1247 354 1310 quarn
377 1248 433 1310 per
459 1247 550 1292 omne
573 1229 670 1293 huius
696 1229 816 1294 saeculi
839 1211 966 1310 tompus
994 1229 1236 1311 temptationem
1260 1228 1292 1292 in
1317 1245 1415 1291 carne

259 1352 329 1408 sua,
353 1353 449 1417 quarn
474 1335 512 1399 de
536 1340 644 1400 nostra
666 1337 860 1400 mortalitate
884 1335 1049 1400 adsumere
1074 1335 1223 1418 dignatus
1243 1337 1301 1410 est
1323 1353 1415 1416 prae-

258 1439 419 1523 figurans?
443 1445 518 1524 post
540 1442 803 1506 resurrectionem
827 1459 954 1525 quoque
976 1461 1038 1506 non
1063 1442 1200 1524 amplius
1225 1460 1320 1523 quam
1342 1439 1414 1503 dies
1436 1469 1462 1508 ιο

260 1547 468 1632 quadraginta
501 1568 574 1613 cum
608 1548 775 1630 discipulis
808 1549 840 1612 in
873 1549 932 1614 hac
963 1553 1047 1614 terra
1079 1569 1149 1614 esso
1188 1547 1294 1612 uoluit
1333 1544 1413 1610 huic

259 1673 368 1720 eorum
392 1656 478 1719 uitae
503 1655 605 1720 adhuc
634 1651 772 1720 humana
800 1656 1038 1720 conuersatione
1067 1655 1255 1721 commixtus
1280 1657 1411 1718 etcum

257 1760 323 1825 illis
340 1763 492 1826 alimenta
504 1763 699 1838 mortalium,
715 1763 862 1846 quamuis
878 1765 940 1827 iam
955 1783 1015 1828 non
1036 1763 1218 1838 moriturus,
1240 1761 1413 1842 accipiens,

257 1871 295 1931 ut
312 1887 369 1951 per
386 1869 473 1950 ipsos
495 1869 702 1954 quadraginta
721 1871 788 1934 dies
809 1870 1001 1954 significaret
1021 1889 1055 1934 se
1075 1871 1201 1934 occulta
1219 1868 1412 1950 praesentia,

259 1975 342 2055 quod
366 1977 564 2058 promiserat,
587 1977 806 2059 impleturum,
831 1977 955 2059 quando
975 1978 1033 2040 ait:
1058 1995 1151 2041 ecca
1176 1995 1247 2059 ego
1272 1975 1410 2039 uobis·
1435 2001 1460 2040 n
1538 2011 1539 2020 κ

258 2100 345 2146 eum
379 2101 463 2146 sum
499 2103 627 2166 nsque
659 2084 698 2147 in
733 2084 1123 2148 consummationem
1158 2083 1328 2148 saeculi.
1354 2100 1414 2146 cur

258 2195 365 2252 autem
395 2190 457 2254 iste
485 2210 636 2255 numerus
665 2191 747 2255 lianc
774 2191 979 2274 temporalem
1007 2195 1227 2272 terrenamque
1251 2188 1413 2271 significet

259 2297 370 2373 uitam,
394 2297 451 2361 illa
483 2298 609 2361 interim
644 2317 740 2362 eausa
773 2297 811 2362 de
847 2299 986 2379 proximo
1021 2298 1167 2374 occurrit,
1191 2295 1339 2379 quamuis
1369 2297 1414 2361 sit

260 2404 323 2468 alia
344 2404 480 2470 fortasse
504 2405 663 2481 secretior,
685 2404 769 2486 quod
790 2409 822 2467 et
839 2407 982 2487 tempora
1001 2423 1152 2469 annorum
1172 2403 1413 2484 quadripertitis

260 2511 388 2576 uicibus
412 2517 543 2576 currunt
565 2515 598 2576 et
620 2512 758 2576 mundus
783 2513 851 2594 ipsa
876 2515 1026 2593 quattuor
1049 2511 1192 2593 partibus
1212 2510 1413 2580 terminatur.
1433 2539 1460 2576 so
1538 2505 1539 2560 l

262 2639 340 2702 quas
371 2619 539 2702 aliquando
568 2623 737 2684 uentorum
766 2620 892 2684 nomine
920 2619 1078 2700 scriptura
1105 2620 1342 2694 commemorat.¹
1372 2617 1412 2681 ab

260 2727 380 2790 oriente
399 2731 431 2791 et
446 2726 620 2804 occidente,
637 2727 674 2790 ab
696 2728 843 2808 aquilona
863 2729 894 2790 et
913 2725 1054 2790 meridie.
1076 2725 1284 2809 quadraginta
1303 2729 1411 2789 autem

349 2920 365 2972 5
385 2918 418 2970 cl.
434 2917 516 2970 Exod.
538 2918 581 2979 31,
600 2917 648 2978 28;
668 2916 711 2970 ΙΙΙ
729 2917 816 2986 Regu.
837 2918 878 2978 19,
897 2917 913 2970 8
960 2918 974 2970 7
995 2916 1029 2970 cs.
1049 2916 1147 2980 Matth.
1166 2919 1192 2985 4,
1214 2917 1281 2969 1-2
1321 2917 1352 2970 ll
1377 2916 1413 2970 ct.

260 3007 321 3060 Act
342 3007 367 3070 1,
386 3008 402 3059 3
459 3008 491 3060 15
510 3005 623 3060 *Mattn
643 3006 686 3069 28,
705 3006 740 3059 20
795 3007 827 3058 21
850 3005 882 3058 cl.
901 3006 979 3060 Zacn.
1000 3006 1025 3069 2,
1045 3005 1074 3068 ὅς
1096 3006 1138 3072 14,
1157 3007 1173 3058 4

299 3130 312 3183 l
334 3130 408 3198 quia]
430 3146 483 3198 qna
501 3128 547 3197 3¹,
568 3129 613 3198 qui
631 3128 683 3182 hac
700 3128 727 3181 L
799 3128 815 3180 2
836 3129 900 3198 quo]
922 3127 995 3197 qnod
1012 3128 1059 3192 A¹‚
1080 3145 1145 3198 quo·
1160 3133 1241 3194 (cros.
1262 3129 1289 3196 d)
1312 3129 1361 3182 GP
1378 3129 1415 3182 Μ

264 3217 402 3272 diabulum
421 3217 448 3270 P
500 3216 743 3271 4humilationem
758 3217 796 3270 13¹
814 3216 856 3281 0¹,
874 3217 1010 3270 humiliat.
1030 3224 1086 3284 cet,
1106 3217 1166 3273 edd.
1240 3218 1412 3272 consecrauit

265 3307 298 3361 0¹
352 3307 488 3362 thaliam
507 3306 537 3360 F
553 3307 584 3360 N
600 3304 640 3358 Α2
659 3305 730 3367 ael,
750 3306 831 3359 eliam
855 3307 930 3369 Tm,
949 3306 1055 3376 helyam
1080 3306 1147 3376 Vp,
1167 3307 1273 3375 helyam
1292 3305 1411 3375 figuran-

262 3403 340 3452 turr
414 3397 596 3466 quadraginta
619 3395 646 3448 V
732 3397 798 3449 oet
816 3398 925 3465 euang]
947 3397 1170 3466 euangeliumque
1195 3395 1225 3460 V,
1246 3399 1274 3449 et
1292 3397 1374 3449 etiam
1389 3413 1412 3464 p

263 3486 344 3539 ‘lXL
367 3486 444 3556 Qtet
461 3487 501 3540 sic
519 3486 609 3553 infru)
682 3483 793 3538 diabulo
815 3484 876 3538 G¹P
893 3484 925 3537 H
995 3485 1078 3554 Sper
1095 3501 1147 3538 om.
1170 3484 1195 3536 Τ
1268 3485 1411 3553 temptati-

263 3591 341 3628 onem
359 3574 422 3639 BT,
440 3576 649 3644 temptationem
667 3577 787 3628 nostram
808 3581 865 3642 cet,
885 3574 944 3629 edd.
982 3574 1182 3643 lipraefigurat
1199 3571 1240 3627 Ρ
1277 3576 1306 3627 11
1329 3573 1412 3628 disci·

263 3665 346 3734 pulis]
368 3664 433 3719 add.
453 3665 508 3718 suis
528 3667 563 3719 el
634 3665 678 3718 hic
696 3665 729 3727 P,
748 3663 848 3734 hinep
922 3663 953 3716 12
973 3663 1072 3732 adhuc]
1092 3663 1232 3730 huic-GP,
1249 3661 1302 3716 hnc
1320 3661 1356 3721 F.
1376 3662 1411 3718 ad

262 3751 443 3822 AELqurr
515 3754 648 3807 humanae
667 3752 733 3807 13¹0
812 3752 955 3806 hunianam
976 3752 1206 3806 conuersationem
1225 3751 1343 3806 HAEU
1360 3769 1411 3818 απγ

264 3842 481 3910 coniunctnspl
517 3844 551 3895 14
570 3841 673 3910 signill
695 3839 852 3909 designaret
865 3833 883 3893 ν’
934 3841 972 3909 se]
992 3840 1060 3893 etB
1098 3843 1130 3896 15
1144 3841 1223 3894 uobis
1238 3857 1283 3894 cur
1297 3857 1355 3894 sum
1372 3841 1410 3893 13¹

267 3931 299 3984 16
317 3931 357 3999 in]
378 3929 413 3984 ad
431 3929 464 3983 N
476 3932 568 4000 palu
605 3932 637 3984 17
657 3929 835 3998 temporalem
854 3932 1041 3998 terrenamque
1056 3929 1191 3999 significet
1205 3931 1276 3983 uita·
1290 3929 1327 3989 Β,
1342 3935 1410 3983 tem·

262 4020 383 4090 poralem
404 4020 488 4073 uitam
508 4023 696 4089 terrenamque
715 4019 851 4086 significet
865 4022 911 4072 cet.
969 4018 1002 4072 18
1022 4021 1143 4072 occurret
1160 4018 1221 4071 C¹P
1275 4019 1307 4072 19
1327 4019 1410 4088 qnod]

265 4127 318 4179 quo
328 4109 471 4171 amalr,
487 4107 602 4178 quiaE²
610 4127 644 4161 απ
701 4107 906 4178 quadripartitis
926 4107 952 4160 V
962 4108 998 4160 M
1001 4107 1023 4177 Q
1037 4107 1069 4160 Η
1076 4125 1097 4176 p
1105 4124 1146 4176 pr
1159 4107 1255 4178 Mipoe
1291 4110 1326 4161 20
1340 4109 1410 4179 ipse]

264 4200 350 4253 ister
404 4201 438 4252 22
458 4199 490 4252 ab
511 4200 637 4268 aquilone
655 4198 692 4260 B,
711 4201 740 4251 et
759 4196 886 4265 aquilone
904 4196 1050 4249 HAELU
1065 4215 1082 4248 a
1101 4198 1142 4256 el,
1162 4197 1288 4266 aquilone
1307 4207 1355 4254 oet.
