3100 4967
594 292 631 343 et
658 305 791 343 rerum.

89 488 218 543 Geraseni
237 486 403 541 daemoniaci
422 485 483 547 157,
503 483 519 537 3

89 576 275 652 Gethsumani
294 575 342 629 ubi
360 576 455 627 hortus
473 571 536 635 281,
561 571 595 625 10

88 666 203 721 Graecia
220 680 249 719 u.
268 664 437 733 Pythagoras
456 666 482 715 et
496 660 665 714 Tusculanae

90 754 187 810 Graeci
202 770 231 807 n.
251 751 403 806 Alexander

88 844 227 898 haereses:
248 841 363 895 diuersis
373 839 513 893 hominum
529 838 663 892 erroribus

123 932 205 987 multi
218 932 301 987 etiam
322 930 411 983 uarias
425 929 550 983 haereses
570 926 665 981 aduer-

124 1039 170 1076 sus
194 1022 340 1075 ueritatem
363 1018 413 1073 sub
432 1018 535 1073 christi
554 1016 665 1070 nomine

124 1110 305 1165 condiderunt
322 1110 366 1165 21.
387 1108 421 1161 19

91 1199 208 1253 Hebraei
224 1215 274 1267 pro
288 1196 449 1266 grauissimo
463 1195 566 1249 scelere
583 1193 665 1247 occisi

127 1287 228 1342 Christi
248 1302 279 1340 ex
298 1286 356 1355 ipsa
370 1284 558 1352 Hierosolyma
576 1282 663 1335 eradi·

1200 292 1271 355 447

694 480 816 535 Herodes
843 482 981 535 tetrarcha
1010 482 1068 549 117,
1097 483 1127 551 6,
1157 484 1217 550 118,
1237 484 1267 546 7,

728 570 797 638 quid
824 570 924 624 diuatt
951 568 985 625 de
1012 570 1123 625 mnino
1147 572 1207 635 195,
1236 572 1267 639 8,

729 677 748 711 a
774 660 872 714 Pilato
910 660 949 713 ad
976 660 1112 715 Herodem
1140 660 1268 715 dominae

726 750 895 811 00000313,
912 748 959 817 10,
968 765 1043 818 repes
1053 750 1267 819 ,1000101Ηο00-

728 837 796 900 dens.
826 838 966 907 principes
995 843 1110 907 propter
1141 838 1270 891 Pilatum

726 926 920 980 intelleverunt
933 927 982 995 qui
996 928 1267 996 testimoniumpsal·

726 1015 765 1069 mi
784 1019 811 1078 2,
832 1018 851 1068 2
870 1016 1057 1070 adhibuerunt
1075 1018 1136 1079 340,
1157 1018 1190 1072 15

691 1104 856 1158 Hieremias:
888 1105 919 1159 in
952 1106 1010 1159 nus
1037 1106 1177 1173 scriptura
1209 1122 1268 1159 non

726 1193 853 1247 inueniri
875 1194 1058 1247 testimonium
1078 1210 1096 1247 a
1119 1196 1276 1249 Matthaeo-

728 1288 965 1336 commemoratum
984 1284 1044 1351 304,
1065 1285 1095 1337 11

128 1376 181 1430 cati
202 1376 245 1446 17,
264 1376 293 1436 9,
318 1390 368 1427 cur
389 1372 456 1426 detes
473 1370 665 1424 Hebraeorum
693 1371 906 1440 Hierosolymam
922 1371 1035 1441 mando
1050 1370 1205 1427 ascenderit
1218 1372 1268 1427 do·

125 1481 175 1519 nee
187 1464 263 1532 ipsos
280 1462 430 1527 Hebraeae,
448 1476 483 1513 ne
498 1476 516 1512 a
529 1458 666 1514 Romanis

126 1554 347 1623 subiuparentur,
376 1550 518 1604 adiuuerit
555 1550 597 1606 19.
635 1549 664 1608 5,

127 1643 310 1696 Hebraeorum
320 1656 435 1709 regnum
445 1643 474 1693 et
483 1636 665 1692 sacerdotium

126 1733 170 1795 20,
196 1732 242 1795 12,
265 1730 392 1784 Hebraea
411 1744 478 1798 gens
497 1728 531 1781 ad
550 1727 664 1797 prophe·

126 1820 240 1875 tandum
260 1819 398 1875 Christum
421 1818 554 1887 deputata
574 1816 616 1882 17,
636 1817 665 1877 5,

127 1909 150 1963 si
168 1907 271 1962 hebeat
289 1904 394 1976 aliquid
415 1904 592 1975 proprietatis
609 1901 665 1955 He·

126 1998 210 2053 braea
223 1997 327 2066 lingua,
342 2012 396 2064 qua
408 1994 568 2064 perhibetur
581 1992 664 2061 serip-

129 2089 197 2141 sisse
215 2085 381 2146 Matthaeus,
401 2088 432 2137 ut
451 2084 500 2137 ‘ite
525 2081 559 2136 ed
583 2097 666 2150 quen-

128 2176 200 2229 dum’
233 2177 322 2228 totum
354 2190 386 2227 ex
417 2188 533 2242 persona
564 2170 666 2224 domiui

127 2265 230 2318 dietum
253 2262 399 2317 locutionis
427 2260 587 2330 integritate
613 2276 666 2312 uon

128 2357 220 2407 careat
229 2352 290 2413 265,
302 2352 349 2418 24,
358 2365 386 2404 n.
396 2348 546 2412 Abrabam3
556 2347 664 2401 tadeus.

92 2442 155 2496 Heli
178 2447 290 2510 patrem
310 2440 403 2507 fuisse
429 2438 543 2507 Iosephi
565 2438 610 2497 86,
637 2436 666 2504 8,

128 2530 218 2598 88,1,
240 2530 319 2595 93,5

93 2619 199 2673 Helias:
220 2617 400 2686 quadraginta
414 2615 517 2669 dierum
535 2614 667 2668 ieiunium

727 1460 820 1514 minue
849 1466 963 1529 propter
995 1460 1105 1529 pascha
1138 1462 1197 1531 142,
1236 1463 1269 1528 1,

728 1550 789 1613 231,
810 1548 855 1611 21,
873 1548 986 1619 quando
1005 1565 1035 1603 eo
1049 1551 1156 1604 uenerit
1173 1551 1277 1605 sedena·

728 1654 811 1706 auper
821 1638 936 1693 asellum
947 1640 1008 1707 257,
1022 1638 1070 1707 23,
1079 1640 1172 1709 potuit
1180 1640 1268 1695 uideri

728 1726 886 1796 parentibus
906 1725 1008 1779 domini
1032 1742 1092 1780 cum
1109 1744 1194 1797 puero
1213 1745 1266 1782 non

729 1832 789 1869 esse
798 1806 975 1870 habitandum
986 1816 1039 1869 nisi
1049 1816 1075 1869 iu
1088 1816 1269 1885 Hierusalem,

728 1904 776 1957 ubi
810 1908 869 1958 orat
901 1904 1039 1974 templum,
1073 1910 1101 1958 et
1128 1904 1193 1959 illue
1222 1924 1270 1961 eos

728 1991 972 2056 fuisseituros,nisi
980 1993 1105 2047 Archelai
1115 1996 1268 2063 praesentia

727 2084 894 2135 terrerentur
913 2084 972 2151 119,
994 2082 1039 2145 13,
1059 2082 1193 2151 mornado
1202 2082 1269 2152 fiem'

725 2171 857 2238 potnerit,
893 2178 925 2225 ut
959 2188 1011 2241 per
1045 2188 1142 2226 omnes
1179 2188 1273 2226 annos

726 2259 866 2327 pueritiae
895 2260 999 2315 Christi
1031 2262 1063 2315 in
1090 2260 1279 2316 Hierusalem-

729 2353 810 2419 irent‚
829 2351 854 2403 ei
872 2349 1004 2403 Archelai
1022 2350 1118 2405 timore
1133 2349 1204 2404 illuc
1223 2367 1271 2404 ae-

730 2440 821 2494 cedere
833 2438 1118 2507 prohibebunturlltl,
1127 2439 1160 2493 19
1167 2460 1174 2503 ,
1181 2456 1270 2507 para-

731 2528 796 2583 bola
820 2527 853 2581 de
875 2527 936 2585 illo.
960 2528 1008 2597 qui
1032 2526 1211 2581 descendebat
1235 2528 1270 2580 ab

730 2618 767 2670 H.
788 2618 819 2669 in
837 2616 1000 2671 Hierichum
1019 2616 1080 2675 245,
1102 2619 1134 2671 15

128 2707 298 2761 consecrauit
323 2704 367 2759 lex
390 2709 419 2758 et
444 2703 592 2773 prophetae
620 2720 668 2773 per
694 2708 761 2760 hora
793 2707 876 2759 tertie
907 2707 996 2760 Iesum
1030 2706 1182 2760 crucifixum
1212 2722 1272 2760 esse

128 2795 240 2863 Moysen
255 2799 284 2848 et
297 2794 405 2854 Helian,
424 2794 469 2861 qui
486 2792 667 2861 quadragenis

128 2884 226 2938 diebus
266 2884 457 2936 ieiunauerunt
492 2882 534 2947 90,
573 2883 601 2946 5,
636 2881 668 2933 de

126 2973 237 3026 uidone
246 2972 351 3026 domini
362 2988 422 3025 cum
436 2970 535 3039 Mopse
544 2976 568 3022 et
581 2968 669 3023 Helia

125 3064 159 3115 in
171 3066 262 3114 monte
269 3063 356 3129 saeta
370 3060 431 3127 219,
449 3061 496 3122 14,
516 3060 549 3111 de
567 3057 669 3111 Heliae

129 3150 254 3203 aduentu
287 3149 348 3217 220,
383 3150 412 3215 3,
449 3148 510 3217 quie
543 3146 598 3199 laeli
631 3146 669 3199 ad

129 3239 244 3292 Heliam
263 3238 435 3291 renouauerit
454 3238 514 3296 341,
534 3237 566 3290 21

93 3328 225 3381 Hercules
235 3327 365 3380 lunonem
375 3324 582 3395 persecutricem
593 3341 668 3378 suam

130 3418 185 3472 coli
203 3432 260 3470 non
274 3415 421 3485 prohibuit
439 3417 483 3483 37,
506 3416 535 3468 11

94 3505 217 3560 Herodes
232 3522 276 3559 rex
291 3521 381 3574 regern
396 3502 525 3557 formidat
538 3504 669 3557 infantem

129 3598 156 3657 9,
178 3596 225 3661 16,
247 3595 321 3662 magi
340 3610 468 3662 responso
492 3595 612 3661 accepto,
635 3608 668 3644 ne

129 3682 252 3737 redirent
274 3700 323 3753 per
346 3681 489 3742 Herodem.
517 3698 565 3751 per
588 3682 667 3734 aliam

131 3773 204 3825 uiam
223 3772 340 3839 regressi
355 3774 420 3823 aunt
433 3770 475 3837 97,
491 3771 536 3828 12,
556 3768 669 3837 pacanda

124 3862 212 3927 saeta
228 3861 294 3927 sint,
313 3874 385 3927 quae
403 3858 436 3911 de
448 3858 560 3912 Herode
575 3858 670 3911 dicant

130 3949 185 4003 Me.
205 3955 230 4002 et
258 3948 307 4002 Le.
331 3948 373 4011 98,
396 3950 427 4010 4,
452 3948 512 4004 116,
539 3949 582 4008 12,
610 3948 668 4010 117,

131 4039 242 4105 5,120,
267 4038 313 4106 16,
336 4037 452 4090 maioris
473 4036 596 4089 Herodis
612 4036 671 4104 filii

129 4144 190 4181 non
207 4143 321 4197 repnum
339 4126 485 4191 habebant,
505 4127 552 4179 sed
571 4130 669 4179 tetrar-

92 4274 97 4283 ,
132 4215 224 4270 chiam
245 4215 304 4278 118,
327 4214 366 4268 12.

730 2795 826 2864 lingua
850 2794 1021 2856 ludaeorum,
1045 2800 1121 2847 serta
1146 2794 1273 2847 manibus

729 2884 846 2937 rnilitum
867 2885 928 2947 324,
946 2886 973 2947 1,
992 2884 1053 2952 332,
1070 2884 1115 2946 15,
1131 2899 1187 2951 qua
1202 2882 1273 2936 hora

730 2974 858 3027 mulieres
874 2972 1001 3027 uenerint
1016 2973 1056 3025 ad
1068 2978 1275 3026 monumentum

731 3064 792 3129 354,
813 3062 825 3114 1

697 3150 757 3204 indi
776 3168 804 3202 a,
824 3150 937 3204 ecclesie

695 3239 929 3308 interpretationis
954 3239 1071 3291 usitatae
1095 3236 1200 3291 codices
1230 3254 1273 3291 ec·

732 3328 877 3382 elesiastici
897 3329 958 3387 230,
979 3329 994 3381 9

695 3417 785 3470 isaac:
812 3417 851 3469 ad
874 3432 934 3469 eune
955 3416 1100 3487 momiano
1118 3414 1205 3482 sacta
1229 3414 1272 3475 38,

734 3507 778 3570 17,
800 3506 843 3571 40,
866 3506 897 3558 17

696 3594 801 3649 Israhel
814 3611 899 3663 nepos
913 3592 1038 3647 Abrahae
1053 3592 1096 3660 20,
1116 3594 1145 3657 5,
1166 3594 1210 3657 40,
1227 3594 1275 3659 16,

731 3684 813 3737 Iacob
843 3683 889 3752 qui
923 3688 950 3735 et
982 3681 1086 3735 Israhel
1119 3680 1273 3750 appellatus

733 3778 788 3840 ast3
807 3788 906 3825 uxorea
923 3772 984 3826 eiua
1007 3772 1032 3838 8,
1057 3772 1104 3835 10,
1125 3770 1276 3839 promissio

732 3863 775 3929 38,
801 3862 847 3928 17,
870 3866 981 3929 nepotes
1004 3876 1037 3913 eu
1063 3860 1164 3927 Ioseph
1191 3862 1276 3911 natos

733 3950 881 4017 adoptauit
891 3950 933 4017 85,
944 3952 975 4015 4,
986 3948 1101 4019 populus
1113 3946 1163 4000 lsr.
1174 3947 1216 4011 38,
1229 3947 1275 4014 14,

732 4038 863 4093 terralsr.
874 4037 986 4091 iudaea
996 4042 1020 4090 et
1033 4036 1167 4091 Galilaea
1183 4035 1244 4102 119,
1258 4036 1274 4088 5

698 4125 762 4179 itali
782 4142 809 4179 u.
830 4126 960 4179 Saturnus

698 4216 797 4268 iterum
821 4212 965 4267 adomino
989 4213 1090 4269 factum
1117 4212 1191 4282 quod
1217 4212 1285 4267 Ioh..
