3100 4967
252 225 316 291 230
608 221 634 275 S.
664 220 803 275 Aureli
829 220 1048 291 Augustini

164 424 227 487 128
296 418 451 483 lohannes
476 436 612 502 quoque,
641 438 712 483 cum
741 422 855 497 taceat,
881 418 1146 501 quemadmodum
1175 417 1325 481 dominus
1362 416 1415 479 di·

253 525 394 608 scipulos
422 545 497 591 suos
522 526 561 590 ad
584 528 662 591 haec
686 526 835 591 animalia
858 526 920 590 sibi
943 525 1127 590 adducenda
1150 524 1283 603 miserit,
1306 523 1414 587 inter·
1535 537 1536 566 ³

251 633 341 715 pouit
371 640 477 697 tamen
510 634 650 699 breuiter·
681 634 740 699 boc
773 634 812 698 de
845 632 933 716 pullo
971 652 1044 697 eum
1081 630 1265 696 testimonio
1303 630 1413 694 etiam

250 740 431 823 prophetae,
461 740 545 821 quod
572 741 735 806 Mattheus
764 739 903 805 adhibet.
931 740 964 803 in
992 758 1054 821 quo
1087 738 1183 803 etiam
1215 738 1412 801 testimonio

250 846 434 929 prophetico
463 847 659 929 aliquantum
687 847 814 913 diuersa
841 847 1111 930 euangelistarum
1139 843 1259 909 locutio
1292 844 1333 908 ab
1371 864 1415 908 ea
1445 865 1459 904 s

251 952 379 1035 quidem
406 953 563 1017 sententia
591 972 651 1017 uon
678 953 813 1028 recedit;
843 953 897 1017 sed
924 954 1033 1033 potest
1059 970 1199 1028 mouere,
1226 950 1313 1032 quod
1343 950 1413 1015 hoc

251 1058 414 1124 Mattheus
430 1059 477 1124 sic
492 1060 630 1138 adhibet,
641 1062 679 1124 ut
694 1059 814 1123 asinam
829 1058 915 1123 dicat
929 1076 1194 1123 commemorasse
1203 1057 1412 1140 prophetam.

252 1184 311 1228 non
345 1170 451 1231 autem
482 1167 528 1230 ita
561 1185 596 1230 se
627 1166 724 1231 habet
754 1165 809 1230 uel
840 1165 924 1247 quod
956 1164 1112 1229 Iohannes
1144 1164 1316 1247 interponit
1352 1164 1412 1228 uel

251 1270 377 1335 codices
401 1272 610 1336 ecclesiastici
637 1271 907 1353 interpretationis
934 1271 1082 1335 usitatae.
1111 1271 1204 1335 cuius
1232 1271 1277 1334 rei
1305 1289 1413 1335 eausa

250 1375 307 1440 illa
332 1377 411 1441 mihi
439 1378 578 1454 uidetur,
607 1378 692 1460 quod
720 1378 884 1442 Mattheus
908 1377 1054 1442 Hebraea
1079 1377 1189 1462 lingua
1214 1377 1411 1459 perhibetur
1432 1396 1456 1434 ιο

250 1484 450 1567 euangelium
462 1484 699 1566 conscripsisse.
714 1484 918 1547 manifestum
933 1487 983 1548 est
992 1489 1099 1548 autem
1108 1483 1410 1567 interpretationem

249 1588 348 1667 illam,
373 1608 453 1671 quae
477 1590 595 1655 dicitur
618 1590 837 1674 Septuaginta,
860 1591 893 1653 in
916 1591 1077 1655 nonnullis
1101 1609 1136 1655 se
1159 1590 1252 1653 aliter
1274 1589 1411 1665 habere,

251 1714 344 1777 quam
367 1695 533 1761 inueniunt
554 1696 586 1760 in
606 1696 749 1760 Hebraeo
775 1696 829 1778 qui
854 1714 924 1760 eam
947 1696 1091 1779 linguam
1113 1699 1271 1760 nonerunt
1293 1696 1409 1777 etqui

249 1800 446 1882 interpretati
471 1806 547 1867 sunt
570 1802 689 1886 singuli
718 1802 845 1867 eosdem
873 1802 972 1867 libros
996 1802 1169 1867 Hebraeos.
1197 1802 1295 1867 huius
1322 1803 1409 1867 item

250 1907 418 1973 distantiae
441 1927 538 1973 causa
561 1910 588 1973 si
612 1912 791 1992 quaeratur,
817 1928 873 1973 cur
895 1912 985 1973 tanta
1011 1908 1185 1974 auctoritas
1212 1909 1409 1990 interpreta-
1429 1932 1453 1971 n

248 2014 345 2078 tionis
369 2014 578 2100 Septuaginta
599 2015 711 2079 multis
734 2015 765 2079 in
793 2014 874 2079 locis
898 2014 998 2078 distet
1024 2014 1063 2079 ab
1092 2033 1129 2079 ea
1155 2015 1291 2079 ueritate
1321 2036 1409 2099 quae

248 2121 279 2184 in
307 2120 460 2185 Hebraeis
494 2120 657 2186 codicibus
689 2122 862 2200 inuenitur,
894 2120 975 2184 nihil
1008 2138 1169 2186 occanere
1200 2122 1408 2204 probabilius

249 2227 394 2292 existimo
418 2246 512 2311 quam
536 2227 610 2292 illos
635 2228 846 2313 Septuaginta
872 2246 909 2293 eo
939 2228 1054 2310 spiritu
1076 2227 1313 2311 interpretatos,
1339 2248 1407 2310 quo

251 2336 283 2397 et
300 2333 356 2398 illa
375 2352 455 2417 quae
473 2334 761 2418 interpretabantur
780 2334 866 2399 dicta
884 2334 1020 2411 fuerant,
1041 2334 1125 2415 quod
1143 2353 1180 2398 er
1198 2334 1269 2417 ipsa
1287 2354 1406 2399 eorum

249 2438 386 2504 mirabili
413 2460 493 2523 quae
520 2441 720 2523 praedicatur
750 2441 956 2506 consensione
984 2440 1144 2505 firmatum
1173 2444 1232 2505 est.
1260 2460 1339 2524 ergo
1371 2445 1405 2505 et
1424 2468 1450 2507 ao

247 2546 311 2628 ipsi
334 2548 485 2611 nonnulla
507 2548 539 2611 in
563 2547 690 2631 eloquio
714 2547 865 2613 hamando
889 2552 923 2612 et
945 2547 983 2611 ab
1009 2546 1118 2611 eadem
1147 2548 1314 2612 uoluntate
1339 2549 1405 2627 dei,

250 2652 341 2717 cuius
377 2654 433 2717 illa
465 2654 551 2718 dicta
587 2658 675 2719 erant
708 2658 740 2718 et
771 2655 824 2719 eui
856 2654 954 2718 uerba
987 2653 1105 2718 seruire
1138 2654 1303 2725 debebant.
1339 2674 1405 2719 non

248 2760 422 2825 recedendo
446 2761 526 2825 nihil
548 2760 634 2825 aliud
658 2760 872 2827 demonstrare
896 2763 1068 2825 uoluemnt
1090 2779 1184 2843 quam
1207 2762 1269 2826 hoe
1292 2761 1404 2842 ipsum

249 2866 334 2947 quod
375 2886 458 2932 nunc
499 2868 531 2931 in
573 2866 841 2950 euangelistarum
884 2871 1036 2951 quattuor
1075 2866 1222 2931 concordi
1262 2867 1404 2950 quadam

250 2971 435 3037 diuersitate
455 2974 615 3052 miramur,
631 2992 693 3056 qua
707 2974 799 3039 nobis
820 2974 999 3039 ostenditur
1016 2992 1077 3038 non
1097 2992 1166 3037 esse
1185 2972 1404 3051 mendacium,
1422 2999 1447 3037 a

250 3078 277 3143 si
310 3079 478 3163 quisquam
510 3082 557 3146 ita
588 3081 714 3146 diuerso
747 3081 841 3147 modo
875 3078 997 3163 aliquid
1031 3083 1145 3156 namet,
1178 3084 1216 3144 ut
1251 3080 1291 3145 ab
1330 3081 1402 3145 eius

248 3185 425 3263 uoluntate,
446 3188 496 3251 oui
516 3187 750 3252 consonandum
771 3192 803 3253 et
821 3186 1081 3252 consentiendum
1101 3190 1159 3265 ost,
1180 3206 1241 3251 non
1259 3187 1401 3252 recedat

340 3449 353 3501 1
374 3449 406 3501 oi.
425 3449 483 3505 loh.
506 3449 546 3517 12,
568 3450 600 3502 14
619 3452 647 3502 et
667 3451 699 3504 15
781 3451 799 3504 4
818 3449 852 3504 cf.
871 3448 951 3504 Zach.
970 3450 995 3515 9,
1015 3449 1031 3501 9
1109 3449 1124 3501 7
1145 3447 1179 3504 ei.
1198 3448 1298 3502 Matth.
1318 3450 1364 3512 21,
1383 3452 1401 3501 ἴ)

250 3536 283 3591 10
302 3536 336 3591 el.
355 3554 437 3607 supra
453 3538 472 3590 l.
494 3539 517 3604 1,
537 3554 559 3591 c.
579 3538 604 3601 2,
623 3554 650 3591 u.
669 3539 687 3591 4
705 3541 742 3607 (p.
761 3541 789 3605 4,
807 3539 835 3604 3)

283 3677 482 3747 hinterposuit
495 3694 517 3746 p
572 3676 728 3731 3brebiter
745 3677 773 3729 B
827 3676 958 3731 beadem
976 3674 1018 3730 Ε2
1033 3692 1083 3747 pr
1136 3676 1283 3731 bracedet
1302 3676 1401 3730 Am

248 3768 264 3819 8
282 3784 335 3821 non
354 3769 415 3834 (om.
435 3771 537 3832 autem)
559 3766 627 3834 0¹1²,
647 3765 766 3820 sednon
789 3765 824 3818 0²
917 3766 950 3818 11
971 3765 1123 3834 conscripse
1142 3764 1190 3821 3¹.
1209 3766 1353 3833 scripsisse
1376 3765 1400 3819 0

250 3856 282 3908 12
296 3854 368 3908 Lxx
381 3857 559 3925 interpretum
570 3872 590 3923 p
641 3855 679 3925 se]
695 3854 742 3908 sed
760 3853 822 3908 0¹1³
873 3856 908 3907 15
922 3855 1086 3908 auctoritate
1100 3853 1196 3908 Ami
1251 3854 1285 3906 17
1300 3852 1397 3907 decur-

247 3944 350 4015 rereQ
432 3946 465 4000 19
482 3944 593 3998 fuerunt
611 3944 638 3997 B
719 3944 959 3998 admirabiliora.
982 3943 1102 4012 GPVp
1122 3941 1238 3996 -ῙίιΜ1
1256 3941 1399 3997 HA¹E¹L

247 4034 279 4087 21
301 4035 369 4103 usn]
389 4034 523 4089 narrando
537 4050 635 4103 prce
684 4034 718 4088 23
738 4032 884 4087 recidendo
905 4032 998 4103 CPQ
1053 4032 1142 4101 quam]
1162 4032 1217 4084 iaru
1235 4030 1265 4083 B
1312 4032 1396 4085 2411·

247 4138 298 4177 om.
321 4122 371 4177 GP
423 4124 457 4176 26
476 4126 568 4176 narrat
581 4140 604 4191 p
