3100 4967
278 265 345 330 300
637 265 663 316 S.
693 261 831 316 Aureli
858 260 1076 330 Augustini

275 464 364 523 runt
391 459 427 523 in
456 459 590 522 faciem
620 458 701 522 eius
740 461 776 522 et
807 456 943 521 colatis
976 475 1058 520 eum
1092 454 1322 530 ceciderunt,
1359 452 1426 516 alii

274 569 401 630 autem
429 566 572 649 palmas
597 564 633 628 in
662 565 797 628 faciem
828 564 862 627 ei
890 563 1075 627 dederunt
1102 559 1319 626 ⁶⁸dicentes:
1348 578 1425 642 pro·

275 671 427 754 photina
464 671 584 748 nobie,
623 669 785 747 Christe,
824 672 908 752 quis
945 676 1005 734 est
1040 668 1104 752 qui
1139 672 1175 733 te
1212 665 1425 751 percussit?

274 781 407 842 secutus
431 783 481 842 est
505 775 628 841 dicens:
655 773 820 841 ⁶⁹Petrus
844 795 931 840 uero
957 775 1114 841 sedebat
1141 774 1234 841 toris
1258 774 1294 837 in
1318 772 1425 845 atrio,

273 883 359 966 qnod
387 903 448 948 non
477 883 604 959 diceret,
633 881 696 946 nisi
723 881 780 945 illa
808 900 881 945 cum
910 881 1036 947 domino
1063 881 1150 946 intus
1178 882 1356 964 agerentur.
1384 882 1426 953 et,
1455 902 1469 941 a

274 992 428 1071 quantum
453 989 616 1073 colligitur
637 988 669 1051 in
693 987 872 1052 narratione
895 986 1006 1064 Marci,
1029 1006 1092 1052 non
1114 987 1220 1052 solum
1244 986 1275 1051 in
1299 986 1428 1051 interio-

273 1095 374 1172 ribus,
394 1093 450 1159 sed
469 1096 566 1159 etiam
585 1094 617 1159 in
638 1093 855 1177 superioribus
876 1092 990 1160 domus
1009 1093 1191 1177 agebantur.
1209 1111 1283 1156 nam
1301 1097 1426 1175 postea·

158 1205 165 1213 '
273 1220 370 1282 quom
388 1201 516 1266 Marcus
530 1200 608 1266 talia
622 1201 772 1277 narrauit,
787 1204 921 1285 secutus
937 1201 996 1265 ait:
1012 1202 1049 1264 et
1067 1218 1148 1265 oum
1167 1202 1270 1264 esset
1287 1199 1426 1264 Petrus

272 1308 309 1372 in
333 1307 429 1372 atrio
455 1307 638 1373 deorsum.
659 1307 745 1372 sicut
763 1325 837 1392 ergo
859 1326 896 1372 eo
917 1306 1002 1390 quod
1019 1306 1184 1371 Mattheus
1204 1306 1263 1372 ait:
1287 1296 1424 1370 Petrus

274 1433 361 1480 uero
400 1413 558 1479 sedebat
594 1413 687 1479 ioris
724 1413 760 1476 in
799 1413 908 1491 atrio,
938 1412 1086 1493 ostendit,
1123 1413 1208 1495 quod
1243 1412 1301 1476 illa
1335 1411 1467 1476 intuso

271 1525 452 1605 agerentur,
476 1521 523 1585 sic
546 1539 583 1586 eo
608 1518 693 1603 quod
717 1520 796 1584 dixit
818 1520 962 1585 Marcus:
987 1523 1023 1584 et
1051 1539 1132 1584 curn
1161 1523 1263 1584 esset
1288 1519 1425 1583 Petrus

272 1628 309 1691 in
340 1627 435 1692 atrio
461 1626 643 1704 deorsum,
673 1626 815 1692 ostendit
841 1645 903 1692 non
932 1626 1038 1692 solum
1063 1626 1097 1690 in
1124 1625 1339 1703 interioribus,
1368 1625 1425 1690 sed

271 1734 369 1798 etiam
405 1733 437 1799 in
475 1733 691 1816 superioribus
731 1737 824 1816 gesta
860 1751 940 1814 quae
977 1733 1105 1798 dixerat.
1148 1731 1305 1815 quomodo
1349 1751 1424 1816 ergo

271 1839 409 1923 respexit
445 1839 577 1905 Petrum
610 1839 757 1904 dominus
789 1838 871 1904 facie
908 1839 1082 1922 corporali?
1119 1843 1312 1922 quapropter
1346 1837 1426 1903 mihi

272 1945 401 2010 uidetur
422 1946 479 2009 illo
501 1945 657 2027 respectio
682 1944 839 2010 diuinitus
861 1945 957 2023 facta,
976 1949 1013 2009 ut
1032 1945 1061 2009 ei
1080 1945 1203 2010 ueniret
1219 1944 1252 2008 in
1271 1951 1424 2013 mentem.
1445 1971 1465 2006 s

270 2052 418 2131 quotiens
441 2051 503 2116 iam
528 2055 677 2136 negasset
700 2055 731 2114 et
756 2051 885 2133 quidsi
910 2050 1057 2116 dominus
1081 2049 1301 2134 praedixisset,
1320 2049 1424 2131 adque

270 2158 316 2220 ita
358 2157 604 2222 misericorditer
644 2157 770 2222 domino
817 2158 1004 2241 respiciente
1050 2157 1224 2240 paeniteret
1270 2175 1344 2220 eum
1391 2161 1423 2218 et

269 2263 442 2329 salubriter
467 2263 565 2331 fleret.
595 2264 680 2329 sicut
708 2263 823 2328 cotidie
852 2263 989 2330 dicimus
1018 2263 1166 2340 ‘domine
1192 2263 1317 2344 respice
1348 2270 1422 2333 me’,

270 2373 304 2433 et
331 2371 462 2453 ‘repexit
490 2390 561 2435 curn
591 2370 748 2435 dominus‘
777 2371 832 2453 qui
861 2370 899 2435 de
927 2371 1033 2454 aliquo
1061 2370 1203 2454 periculo
1231 2369 1285 2434 uel
1313 2368 1421 2433 labore

271 2476 381 2541 diuina
404 2477 621 2542 misericordie
639 2476 793 2542 liberatus
813 2481 872 2553 est,
892 2480 926 2541 et
943 2477 1028 2542 siout
1045 2475 1168 2542 dictum
1186 2480 1249 2542 est:
1273 2476 1421 2558 respice
1439 2502 1463 2542 ro

269 2586 307 2647 et
332 2583 464 2648 exaudi
492 2587 633 2660 n1e‚et:
664 2588 898 2658 conuertere,
927 2583 1084 2660 domine,
1112 2582 1232 2648 libera
1260 2583 1419 2646 animam

270 2709 400 2766 meam,
424 2690 470 2754 ita
494 2690 617 2755 dictum
640 2690 787 2756 arbitror:
815 2709 1021 2755 conuersus
1051 2691 1222 2756 dominus
1250 2689 1422 2772 respexit

270 2796 421 2861 Petrum
445 2803 482 2862 et
499 2798 723 2863 recordatus
748 2801 807 2863 est
825 2799 960 2863 Petrus
980 2799 1087 2863 uerbi
1105 2797 1258 2865 domini.
1283 2796 1421 2878 denique

268 2921 342 2966 oum
369 2902 567 2985 frequentius
596 2905 720 2968 soleant
746 2904 779 2968 in
806 2903 1040 2969 narrationibus
1069 2905 1136 2969 suis
1165 2922 1281 2986 ponere
1311 2903 1419 2968 lesum

268 3027 362 3090 quarn
392 3009 566 3087 dominum,
595 3009 688 3074 modo
718 3010 821 3075 Lucas
849 3009 1011 3075 dominnm
1039 3011 1147 3092 posuit
1180 3010 1303 3076 dicens:
1339 3029 1420 3075 con·
1437 3036 1461 3075 a

268 3134 405 3180 uersus
439 3115 613 3181 dominus
645 3116 813 3198 respexit
845 3117 997 3181 Petrum
1030 3119 1067 3181 et
1098 3116 1323 3182 reeordatus
1361 3121 1419 3180 est

356 3324 373 3376 8
391 3322 474 3381 Marc.
495 3324 538 3388 14,
556 3323 628 3386 oon
649 3323 748 3377 Mattb.
767 3323 811 3386 26,
830 3325 893 3378 dia
955 3325 990 3379 20
1008 3324 1052 3378 Pe.
1074 3324 1116 3392 12,
1134 3325 1152 3378 4
1219 3325 1252 3378 21
1273 3325 1336 3383 *Pe
1357 3328 1418 3389 603

266 3410 303 3464 22
322 3410 386 3465 Luc.
405 3412 448 3475 22,
469 3413 530 3467 ola
1531 3422 1532 3429 ’

304 3533 317 3585 1
339 3534 397 3588 eius
416 3550 467 3588 om.
490 3536 539 3589 GP
645 3534 794 3590 cecderunt
817 3540 844 3604 (a
868 3553 938 3592 eras.
962 3538 1000 3603 A)
1021 3536 1097 3606 ΟΔ,
1118 3535 1248 3592 cederunt
1264 3535 1334 3590 ΡΓι
1352 3537 1420 3591 Eli

265 3621 283 3673 2
303 3621 339 3691 ei]
361 3623 419 3676 eius
432 3641 455 3692 p
466 3640 502 3678 cu
549 3626 567 3678 4
586 3627 714 3694 sequtus
732 3625 760 3678 B
823 3629 934 3678 secutus
953 3629 995 3679 est
1013 3629 1121 3679 uenat.
1133 3629 1199 3681 ..ut
1217 3625 1307 3678 animo
1326 3626 1419 3695 (infra

266 3712 336 3772 eos,
361 3713 532 3778 12...3oa‚
557 3717 602 3777 ιι)
630 3713 687 3775 cr.
721 3711 968 3782 cicens..f.1se,
993 3712 1010 3765 r.
1033 3717 1067 3766 11
1092 3712 1121 3778 0,
1143 3731 1175 3782 p.
1197 3699 1263 3775 roe,
1287 3713 1306 3768 ι.
1332 3717 1370 3768 31
1394 3712 1422 3766 P

265 3796 293 3850 in
312 3813 362 3852 om.
383 3799 477 3852 mn
550 3801 612 3853 tin
633 3801 829 3870 superioribus]
845 3801 910 3855 odd.
925 3801 995 3854 inB
1067 3803 1135 3856 teo
1153 3817 1206 3856 om.
1224 3800 1272 3868 131,
1290 3801 1320 3855 in
1341 3801 1419 3870 eoQ

267 3885 300 3938 10
319 3888 394 3956 nero]
414 3891 503 3942 entem
524 3887 552 3942 R
624 3889 813 3944 ostenditurr
859 3891 893 3944 12
911 3889 960 3944 sed
979 3906 1001 3943 e.
1020 3891 1039 3944 i.
1059 3907 1147 3960 super.
1165 3906 1217 3946 em.
1236 3888 1276 3943 13²
1323 3891 1359 3945 19
1377 3890 1416 3945 la·

265 3989 329 4028 uore
347 3974 387 4027 B²
477 3976 509 4030 21
530 3976 628 4047 libers]
650 3981 678 4030 et
696 3978 784 4032 libera
801 3980 925 4033 raetm
943 3979 983 4049 (et
1002 3980 1075 4049 eripe
1093 3979 1119 4048 o)
1208 3980 1243 4033 24
1261 3979 1373 4034 soleant
1390 3984 1417 4044 (n

262 4067 335 4130 cap.)
353 4061 392 4126 N,
411 4065 517 4118 soleant
537 4067 724 4134 euangelistae
743 4069 831 4122 raet
899 4068 1010 4151 ponere]
1027 4067 1190 4138 respondere
1207 4067 1247 4122 13²
1315 4070 1415 4139 iesum]

263 4151 342 4204 deum
361 4151 394 4205 N
445 4153 478 4205 25
498 4153 588 4224 modo]
611 4155 745 4225 quomodo
764 4156 879 4211 Haut
