3100 4967
290 360 427 425 XXVIII
749 359 968 415 Praefatio.

288 555 466 619 luculenter
494 554 682 636 dIsputauit.
711 554 818 635 itaque
846 554 878 617 in
908 552 1110 619 adnotatione
1139 552 1248 617 critica
1275 552 1331 616 ubi
1360 571 1376 616 e
1404 572 1440 617 re

244 687 262 728 n
289 658 466 736 uidebatur,
490 663 614 741 praeter
637 660 795 743 Vulgatae
823 659 992 724 lectionem
1021 658 1138 744 (Biblia
1162 657 1257 723 Sacra
1279 658 1440 742 Vulgatae

288 766 443 832 Editionis
472 766 552 831 Sinti
579 764 618 830 V.
647 770 680 831 et
712 766 885 832 Clementis
917 766 1002 830 VIII.
1034 766 1125 829 iussu
1158 764 1318 849 recognita
1351 764 1440 848 typis

290 894 313 937 s.
333 892 438 957 congr.
464 874 502 938 de
523 872 724 957 propaganda
742 872 805 936 fide
824 874 943 937 Romae
965 871 1065 956 1861l
1085 872 1180 936 etiam
1200 871 1441 953 euangeliorum

289 978 412 1043 codices
442 982 474 1041 et
505 980 618 1061 prioris
651 979 920 1061 interpretationis
953 996 1170 1050 uerenensem,
1199 978 1439 1056 uercellensem‚

290 1086 510 1161 colbertinum,
535 1086 830 1169 cantabrigiensem,
850 1086 1036 1162 brixianum,
1057 1084 1146 1161 alioS,
1168 1089 1201 1148 et
1218 1084 1441 1167 Hieronymia-

288 1210 346 1255 nae
380 1192 527 1255 editionis
555 1192 750 1256 AmiatInum
779 1191 1065 1256 Lindislarnensem
1092 1190 1295 1266 Fuldensem,
1323 1183 1439 1255 Dubli·

288 1317 416 1363 nensem
440 1300 688 1382 ilgertonensem
712 1299 965 1363 Lichleldensem
989 1298 1292 1363 Rushworthanum
1317 1335 1357 1343 -
1383 1301 1439 1361 uel

289 1404 481 1497 Celticorum
506 1406 645 1471 ordinem
665 1424 727 1471 uno
751 1406 876 1469 nomine
901 1405 1167 1487 comprehendens
1185 1440 1240 1479 -‚
1261 1403 1440 1469 Cauonsem

288 1510 486 1590 Toletanum,
514 1512 605 1587 alios,
630 1518 663 1577 et
685 1514 773 1593 ipsos
802 1510 940 1576 Graecos
969 1511 1145 1576 secundum
1173 1510 1327 1575 editiones
1356 1512 1441 1574 cele-

287 1619 440 1683 berrimas
464 1620 720 1684 commemoraui.

331 1726 474 1808 Denique
493 1731 530 1790 ut
548 1726 722 1809 legentium
743 1726 963 1790 commoditati
983 1725 1145 1803 sentirem,
1168 1724 1303 1789 indicem
1324 1744 1440 1807 synop-

286 1832 387 1897 ticum
405 1833 493 1897 Luca
515 1833 594 1898 duce
615 1834 794 1897 confectum
819 1832 931 1910 adieci,
954 1833 1067 1915 inquo
1093 1832 1269 1896 adornando
1294 1833 1440 1913 exempla

289 1940 480 2022 optimorum
504 1944 668 2005 auctorum
694 1960 808 2025 magno
832 1940 911 2004 milri
936 1941 1117 2004 adlumento
1142 1942 1238 2003 erant.

333 2047 367 2109 ln
395 2050 485 2110 textu
513 2051 620 2110 autem
650 2046 872 2111 constituendo
902 2046 1032 2128 optimis
1064 2045 1231 2127 praesidiis
1258 2045 1437 2109 instructus

289 2172 360 2217 cum
386 2172 510 2235 sperare
534 2172 662 2235 possem
686 2154 811 2218 forent
835 2153 1001 2236 pristinam
1020 2152 1116 2216 huius
1137 2152 1241 2233 operis
1261 2152 1437 2216 orationem

287 2260 499 2335 restituerem,
517 2260 611 2325 etiem
626 2260 656 2323 io
672 2260 766 2325 rebus
778 2259 1031 2343 orthographicis
1045 2257 1268 2321 uetustissima
1282 2257 1438 2339 exempla·

287 2366 379 2429 riaB
405 2372 436 2429 et
456 2366 490 2442 d,
510 2366 614 2448 quoad
637 2365 705 2430 lieri
728 2366 845 2448 potuit,
870 2371 1001 2430 secutus
1021 2384 1103 2429 sum.
1127 2364 1184 2428 sed
1203 2384 1276 2428 cum
1298 2383 1337 2426 ne
1360 2364 1437 2428 illos

289 2472 416 2554 quidem
445 2472 570 2537 codices
597 2472 629 2536 in
657 2473 827 2536 uerborum
855 2472 1021 2555 scripturis
1049 2471 1169 2553 ubique
1197 2470 1259 2534 sibi
1291 2474 1438 2535 constare

289 2579 341 2641 uel
369 2598 478 2643 ueram
510 2578 667 2643 scribendi
698 2580 854 2642 rattonem
886 2578 1034 2660 praebere
1067 2577 1306 2653 intellexissem,
1339 2576 1438 2640 etiam

288 2685 327 2748 ad
346 2684 427 2748 alios
444 2684 542 2749 libros
561 2684 796 2767 respieIendum
815 2683 995 2748 uidebatur.
1020 2686 1160 2747 attamen
1184 2683 1216 2747 in
1234 2682 1440 2746 adnotatione

289 2810 361 2855 cum
394 2792 510 2856 nollem
548 2791 696 2855 omnibus
734 2792 804 2855 eius
841 2792 965 2874 generis
1003 2789 1225 2873 discrepantiis
1261 2789 1438 2863 immorari,

290 2898 432 2961 diuersas
460 2898 689 2963 uocabulorum
717 2898 891 2981 scripturas
920 2898 1058 2979 exceptis
1087 2896 1267 2961 nominibus
1299 2897 1439 2978 propriis

289 3009 321 3068 et
344 3005 477 3070 uocibus
501 3005 675 3088 peregrinis
700 3010 732 3069 ot
759 3005 976 3089 singularibus
1006 3004 1196 3086 quibusdam
1220 3003 1327 3081 rebus,
1357 3023 1439 3085 quae

289 3112 328 3176 ad
345 3112 530 3177 testimonia
547 3112 681 3176 mnrtme
695 3113 897 3195 pertinerent,
914 3112 1101 3195 plerumque
1116 3110 1291 3194 suppressi.
1311 3130 1440 3175 omnem

289 3224 395 3285 autem
415 3218 495 3283 hauc
514 3220 732 3302 quaestionem
751 3239 815 3283 una
829 3238 900 3283 cum
921 3218 1033 3283 ceteris
1052 3218 1205 3283 librorum
1224 3237 1320 3282 manu
1340 3219 1439 3302 scrip-

288 3330 394 3391 torum
417 3324 592 3389 rationibus
618 3326 789 3407 separatim
813 3325 943 3390 uberius
966 3324 1119 3389 tractabo.

333 3432 399 3495 lam
429 3431 466 3495 de
495 3431 688 3512 corrigendis
718 3436 750 3497 et
776 3432 928 3496 addendis
957 3434 1084 3513 oportet
1109 3450 1212 3514 pauca
1239 3430 1439 3497 admoneam.

288 3539 319 3601 in
343 3541 431 3601 textu
455 3536 554 3620 igitur
576 3538 652 3609 271,
678 3538 716 3599 21
740 3537 940 3601 scribendum
961 3541 1012 3601 est
1028 3539 1175 3602 coctsset
1197 3535 1268 3619 (pro
1292 3537 1437 3623 elisisset)

291 3682 329 3691 -
360 3645 390 3707 in
425 3643 511 3707 uotis
540 3644 616 3719 279,
647 3644 666 3706 6
694 3648 722 3707 lc
750 3645 821 3711 alt:
851 3645 926 3720 352,
957 3644 997 3706 14
1026 3666 1044 3706 n
1073 3643 1258 3720 delendum3
1287 3645 1364 3719 375,
1396 3647 1438 3709 12

289 3750 468 3815 addendum
491 3746 590 3835 britto]
614 3751 735 3813 millam
763 3752 940 3834 proraeh
967 3752 1042 3828 407,
1068 3753 1108 3815 17
1133 3750 1177 3814 N‘
1205 3748 1274 3835 (pro
1298 3750 1368 3831 Er)
1396 3790 1437 3798 -

288 3858 321 3921 in
343 3856 537 3920 testimoniis
559 3856 588 3928 7,
611 3858 651 3919 15
671 3858 706 3918 z'rr
724 3856 791 3919 Iob.
810 3876 856 3919 err.
876 3861 964 3920 tract.
985 3857 1053 3941 [pro
1075 3858 1129 3943 ib.)
1150 3896 1193 3904 -
1212 3858 1290 3921 haec
1314 3857 1440 3922 nescire

290 3962 376 4027 nolui
401 3982 455 4027 eos
481 3962 535 4045 qui
560 3962 698 4027 editione
722 3982 792 4027 mea
815 3966 954 4029 utentur.

333 4068 541 4133 Praefationis
578 4068 674 4133 huius
711 4068 806 4132 linem
842 4071 945 4135 facere
976 4090 1037 4135 non
1070 4090 1213 4154 possum,
1250 4070 1325 4153 quin
1357 4071 1440 4136 bene

288 4176 418 4240 meritos
443 4176 495 4256 pio
520 4174 623 4238 animo
647 4176 789 4239 recolens
814 4175 920 4242 debito
944 4196 1073 4241 munere
1095 4178 1273 4259 perfungar.
1294 4175 1439 4259 inprimis

289 4285 395 4347 autem
416 4285 564 4365 quantam
585 4282 753 4346 maximam
778 4282 902 4347 animus
922 4302 1033 4366 capere
1051 4287 1159 4366 potest
1182 4283 1316 4367 gratiam
1336 4283 1439 4348 habeo
