3100 4967
270 331 336 394 250
627 330 654 382 S.
682 329 820 383 Aureli
850 328 1068 399 Augustini

272 523 353 587 enirn
378 542 413 587 eo
438 522 488 586 die
512 542 628 604 passus
653 527 711 599 est,
733 523 788 604 qui
812 528 862 588 est
885 524 923 587 ab
948 524 1009 588 hoc
1033 522 1083 587 die
1105 522 1233 600 tertius,
1253 541 1327 587 cum
1349 542 1420 587 con-

270 631 360 695 tinuo
380 629 479 693 dicat:
500 634 651 711 oportet
669 650 724 695 me
747 630 859 694 hodie
883 632 920 694 et
943 649 1024 695 cras
1049 633 1087 694 et
1105 630 1282 711 sequenti
1301 629 1420 694 ambu-

269 737 347 802 lare
374 774 429 815 —,
458 738 545 821 cogit
576 738 716 819 profecto
751 738 847 801 etiarn
880 735 962 801 illud
994 736 1128 819 mystice
1160 736 1305 819 intellegi
1338 736 1420 818 quod

272 843 330 908 aitr
367 862 436 907 nou
474 841 660 907 uidebitis
701 862 767 920 me,
805 843 923 907 donec
964 842 1104 919 ueniat,
1143 861 1225 907 cnm
1266 841 1419 906 dicetis:
1535 857 1536 862 ¹

271 948 495 1013 benedictus
529 950 591 1032 qui
624 949 731 1013 uenit
762 949 800 1012 in
831 950 978 1013 nomine
1016 948 1169 1025 domini,
1202 950 1241 1013 de
1272 948 1328 1011 illo
1362 966 1419 1012 sno
1447 970 1459 1011 e

272 1056 419 1132 aduentu,
441 1075 502 1138 qno
522 1055 553 1120 in
574 1052 717 1121 claritate
736 1059 890 1120 uenturus
915 1057 973 1131 est,
993 1055 1054 1119 hoc
1074 1054 1267 1139 significans,
1287 1052 1421 1119 utillud

272 1162 357 1245 quod
380 1163 440 1227 ait:
466 1162 561 1227 eicio
591 1162 761 1227 demonia
785 1166 822 1226 et
845 1162 1032 1226 sanitates
1057 1162 1218 1245 perficio
1249 1160 1361 1225 hodie
1385 1163 1422 1223 et

272 1288 353 1334 cras
378 1272 414 1333 et
436 1270 552 1333 tertia
575 1288 823 1347 consummor,
847 1269 1003 1333 referatur
1025 1268 1065 1331 ad
1089 1288 1204 1350 corpus
1233 1268 1313 1345 eius,
1338 1265 1421 1348 quod

272 1379 322 1441 est
344 1377 487 1441 ecclesia.
523 1376 722 1459 expelluntur
746 1376 829 1439 enim
854 1375 1010 1452 demonia,
1036 1394 1108 1439 cum
1132 1374 1255 1439 relictis
1282 1372 1420 1457 patomis

271 1483 552 1565 superstitionibus
581 1483 712 1548 eredunt
739 1483 771 1546 in
802 1501 873 1547 eum
903 1485 1023 1565 gentes,
1048 1486 1082 1546 et
1108 1480 1315 1564 perficiuntur
1342 1481 1421 1543 sani·
1438 1506 1460 1544 a

270 1592 362 1669 tates,
382 1608 454 1653 cum
475 1589 649 1654 secundum
669 1590 738 1653 cius
757 1591 926 1672 praecepta
943 1588 1076 1665 uiuitur,
1095 1592 1306 1671 posteaquam
1325 1586 1423 1651 inerit

271 1695 394 1760 diabolo
420 1700 452 1759 et
474 1696 548 1760 huic
572 1696 699 1760 saeculo
723 1697 950 1772 renuntiatum,
975 1696 1131 1777 usquein
1156 1695 1250 1759 finem
1267 1713 1422 1760 resurrec-

270 1803 377 1881 tionis,
421 1822 483 1883 qua
522 1805 684 1884 tamquam
727 1802 823 1865 tertia
864 1802 1148 1879 consummabitur,
1191 1801 1251 1866 hoc
1293 1804 1343 1867 est
1384 1801 1423 1865 ad

270 1907 499 1991 plenitudinem
537 1908 712 1991 angelicam
749 1927 805 1990 per
845 1909 985 1990 corporis
1027 1908 1123 1972 etiam
1160 1907 1421 1972 inmortalitatem

270 2014 451 2096 perficietur
473 2014 617 2079 ecelesia.
646 2018 836 2098 quapropter
864 2014 939 2078 ordo
967 2016 1029 2078 iste
1056 2014 1194 2078 Matthei
1220 2032 1421 2096 nequaquam
1438 2033 1462 2073 u

270 2119 430 2203 putandus
455 2124 505 2185 est
525 2120 557 2184 in
578 2119 666 2185 alind
684 2119 806 2202 aliquid
825 2139 896 2184 esse
916 2120 1094 2203 digressum
1119 2119 1177 2184 sod
1194 2119 1299 2184 Lucas
1317 2119 1421 2202 magis

270 2226 502 2309 intellegendus
527 2230 577 2290 est
599 2228 651 2290 uel
674 2245 926 2309 praeoccupasse
951 2229 1141 2310 quaegesta
1164 2226 1290 2290 suntin
1308 2224 1421 2289 Hieru-

270 2333 368 2396 salem
402 2337 433 2396 et
468 2332 660 2397 recordando
696 2332 937 2414 interposuisse,
971 2336 1141 2414 antequam
1177 2332 1247 2395 eius
1284 2330 1422 2395 narratio

271 2439 433 2503 dominum
474 2439 661 2522 perduceret
697 2438 911 2514 Hierusalem,
949 2444 1006 2505 aut
1047 2439 1148 2504 eidem
1190 2438 1316 2503 ciuitati
1357 2437 1422 2501 iam

269 2545 531 2627 propinquantem
542 2546 621 2609 talia
634 2543 836 2627 respondisse
850 2546 1054 2610 monentibus
1065 2544 1420 2622 utcaueretHerodem,
1438 2568 1463 2607 oo

269 2651 374 2733 qualia
401 2651 564 2715 Mattheus
593 2671 665 2716 enm
694 2652 774 2716 dicit
802 2652 897 2717 etiam
929 2653 1033 2717 turbis
1065 2654 1221 2728 locutum,
1250 2672 1325 2717 cum
1356 2652 1420 2715 iam

268 2758 468 2839 peruenisset
497 2758 528 2821 in
559 2758 761 2822 Hierusalem
794 2758 897 2841 adque
929 2758 986 2823 illa
1018 2760 1123 2824 omnia
1154 2762 1282 2842 peracta
1314 2765 1422 2823 essent

269 2883 349 2945 quae
374 2883 470 2946 supra
492 2868 616 2929 narrata
640 2868 724 2929 sunt.
1046 2924 1051 2931 .

182 2962 244 3030 146
313 2970 453 3034 LXXVI.
478 2969 629 3052 Sequitur
653 2970 817 3035 Mattheus
842 2975 875 3035 et
901 2972 993 3035 dicit:
1027 2972 1077 3036 ¹et
1105 2990 1282 3056 egressus
1311 2972 1421 3036 Iesus

270 3076 311 3139 de
348 3076 490 3158 templo
532 3076 621 3142 iba-t.
663 3080 700 3140 et
737 3081 983 3142 accesserunt
1025 3077 1210 3160 discipuli
1248 3078 1343 3155 eius,
1382 3084 1463 3141 utu

269 3181 514 3247 ostenderent
556 3183 588 3247 ei
631 3182 925 3248 aedificationes
968 3184 1112 3267 templi.
1155 3183 1251 3266 2ipse
1294 3187 1420 3249 autem
1535 3181 1536 3186 ’

268 3288 499 3371 respondens
524 3289 622 3355 dixit
645 3290 742 3354 illis:
768 3289 912 3355 uidetis
931 3290 1022 3354 haec
1042 3290 1186 3355 omnia?
1211 3309 1317 3355 amen
1336 3290 1420 3354 dieo

355 3548 456 3602 4an
480 3549 521 3615 13,
541 3550 575 3603 35
630 3550 665 3603 24
683 3548 782 3602 Matth.
802 3549 845 3611 24,
867 3550 880 3602 1
901 3554 930 3602 et
949 3551 965 3602 2

303 3691 315 3743 l
338 3708 370 3745 ea
389 3690 433 3744 dis
449 3708 476 3760 p,
494 3690 576 3745 hodie
596 3691 623 3745 R
640 3689 706 3743 Em
761 3692 777 3745 3
798 3707 851 3759 qno
871 3691 910 3745 ait
927 3691 962 3759 L,
983 3691 1100 3761 quodum
1118 3692 1167 3751 13¹.
1187 3693 1365 3763 quodarnodo
1383 3696 1422 3750 Β1

267 3784 282 3835 6
306 3779 378 3850 qnod
402 3780 430 3833 B
520 3780 536 3832 8
560 3780 643 3833 certio
667 3779 703 3843 B,
726 3780 809 3832 tertio
834 3779 912 3850 (cio)
931 3780 989 3834 ΒΤ
1008 3798 1032 3848 r,
1056 3782 1139 3835 tertia
1162 3780 1206 3836 die
1228 3782 1266 3835 Μ
1280 3783 1425 3839 HAELS

265 3888 338 3940 γκχω
355 3886 408 3939 pq,
426 3869 509 3923 tertio
530 3868 572 3921 die
593 3869 655 3921 ael
728 3868 911 3938 consumorQ
961 3870 1208 3942 dexpellentnrQ
1278 3873 1423 3927 reiectisr

268 3956 300 4010 10
323 3954 625 4025 superinstitntionibns
651 3954 720 4016 0¹1³,
744 3956 1022 4024 supermstitionibus
1044 3957 1075 4020 0,
1099 3958 1376 4027 superstiutionibus
1393 3962 1427 4014 N

267 4043 299 4097 12
318 4045 418 4098 fineB
492 4044 524 4097 16
544 4044 647 4113 aliquid
668 4044 742 4097 uliud
760 4044 847 4099 RTD
863 4046 986 4099 raolm
1067 4046 1187 4115 disgr.p
1259 4049 1296 4102 22
1318 4051 1421 4120 omnia}
1535 4055 1536 4058 ’

267 4132 331 4189 aaa.
350 4133 405 4185 ram
424 4131 510 4185 Han
547 4134 582 4185 24
600 4116 629 4187 'a
643 4151 688 4203 pe.
708 4149 760 4188 om.
779 4132 819 4185 Β1
855 4135 890 4186 25
909 4135 1020 4203 stass]
1043 4134 1108 4190 aaa.
1129 4134 1163 4189 ao
1182 4152 1279 4207 eumq
1313 4136 1421 4193 ‘eaer-

265 4220 336 4289 pulis
354 4219 393 4275 B¹
435 4223 469 4275 26
489 4221 658 4276 dificatioues
677 4220 715 4273 Βι
752 4223 787 4276 27
807 4221 884 4292 dixit]
905 4224 946 4275 sit
964 4223 1079 4293 AELq
1134 4242 1214 4281 amen
1233 4242 1317 4283 amen
1338 4230 1424 4286 ΒΗΤ
