3100 4967
302 285 366 350 348
653 281 679 335 S.
707 281 846 335 Aureli
874 281 1095 351 Augustini

302 475 500 557 apertissime
528 475 692 542 Mattheus
721 495 848 560 quoque
881 479 914 540 et
939 476 1043 540 Lucas
1078 475 1214 541 Mariam
1240 475 1453 560 Magdalenen

300 582 526 660 nominassent,
546 601 714 664 possemus
735 584 849 658 dioere,
874 583 951 647 alias
966 583 1101 666 alonge,
1122 583 1200 647 alias
1219 581 1307 646 iuxta
1325 601 1453 647 oruoem

300 689 410 752 fnisse.
439 689 546 754 nullus
575 690 658 754 enim
688 709 797 754 eorum
824 689 1146 773 praeterlabentem
1174 691 1310 753 matrem
1334 689 1455 754 domini

301 797 571 860 commemorauit.
599 815 682 861 nuno
710 815 785 880 ergo
814 796 972 880 quomodo
996 795 1195 879 intellegitur
1218 795 1328 859 eadem
1351 796 1457 861 Maria

300 900 488 986 Magdalene
520 905 552 966 et
584 922 603 967 a
633 903 728 987 longe
761 903 891 968 stetisse
924 921 996 968 oum
1029 903 1101 966 aliis
1133 902 1331 982 mulieribus,
1369 903 1493 967 sieuts

300 1007 465 1073 Mattheus
499 1012 531 1074 et
561 1010 665 1074 Lucas
704 1008 825 1087 dieunt,
864 1014 896 1074 et
930 1009 1020 1073 iuxta
1057 1028 1183 1073 erucem
1219 1009 1331 1086 fuisse,
1371 1012 1458 1074 sieut

300 1113 456 1181 Iohannes
481 1115 568 1195 dicit,
593 1115 654 1181 nisi
678 1117 751 1197 quia
774 1118 807 1180 in
832 1119 919 1181 tanto
943 1117 1112 1181 interuallo
1137 1119 1235 1192 erant,
1257 1120 1296 1180 ut
1315 1121 1348 1181 et
1366 1116 1457 1181 iuxta

303 1221 365 1285 diei
397 1227 538 1304 possent,
573 1223 646 1304 quia
677 1224 710 1286 in
743 1227 916 1306 conspeetu
950 1223 1018 1287 eius
1051 1224 1177 1305 praesto
1207 1222 1349 1300 aderant,
1381 1234 1456 1288 eta

299 1327 394 1411 longe
421 1329 453 1392 in
483 1329 705 1412 conparatione
732 1330 845 1393 turbae
873 1330 1082 1415 propinquius
1113 1329 1352 1394 circumstantis
1382 1349 1454 1394 oum

301 1435 483 1500 centurione
516 1439 547 1499 et
583 1435 763 1500 militibus?
794 1427 968 1518 possumus
1001 1436 1099 1500 etiarn
1134 1436 1331 1519 intellegere,
1370 1436 1454 1519 quod
1470 1452 1491 1489 1⁰

300 1541 374 1607 illae
404 1561 484 1624 quae
513 1543 610 1606 simul
637 1541 766 1608 aderant
796 1562 870 1607 oum
897 1546 998 1607 matre
1027 1543 1157 1620 domini,
1186 1549 1360 1626 postquam
1385 1563 1453 1608 eam

301 1648 457 1732 discipulo
487 1648 733 1726 commendauit,
766 1651 853 1714 abire
879 1649 943 1713 iam
972 1653 1150 1732 coeperant,
1183 1654 1221 1713 ut
1248 1669 1267 1713 a
1295 1649 1453 1714 densitate

300 1755 412 1819 turbae
436 1773 470 1819 se
499 1759 657 1830 exuerent,
687 1760 718 1820 et
742 1759 846 1820 cetera
873 1774 953 1838 quae
981 1756 1065 1819 faeta
1093 1759 1169 1819 sunt
1194 1755 1324 1839 longius
1353 1756 1452 1819 intue

302 1865 419 1939 rentur,
448 1866 486 1926 ut
518 1861 615 1926 aeteri
647 1863 864 1947 euangelistae
898 1863 951 1944 qui
978 1867 1053 1945 post
1081 1867 1216 1926 mortem
1245 1863 1369 1926 domini
1402 1882 1451 1926 eas

303 1971 631 2034 commemorarerunt
653 1969 716 2033 iarn
739 1970 835 2050 longe
859 1972 980 2034 stantes
1004 1974 1298 2034 commemorarent.
1466 1983 1488 2021 1⁵

236 2071 278 2135 59
346 2074 448 2141 XXII.
483 2073 634 2156 Sequitur
665 2076 843 2140 Mattheus:
882 2073 994 2140 ⁵'oum
1032 2095 1113 2139 sero
1152 2080 1275 2138 autem
1310 2075 1449 2140 laetum

302 2184 415 2258 esset,
440 2181 548 2247 uenit
567 2181 717 2264 quidam
737 2182 845 2246 homo
866 2182 973 2246 diues
1001 2182 1043 2245 ab
1068 2181 1281 2245 Arimatlria
1303 2181 1449 2245 nomine

301 2288 450 2369 loseph,
475 2288 540 2370 qui
560 2288 696 2369 etipse
717 2286 931 2370 discipulus
951 2293 1031 2352 erat
1050 2289 1146 2351 lesu.
1172 2285 1262 2351 ⁶⁸hio
1287 2287 1450 2352 accessit

303 2393 347 2458 ad
373 2393 540 2458 Pilatum
567 2395 602 2459 et
623 2394 723 2478 petit
751 2413 885 2476 eorpus
913 2394 1011 2460 Iesu.
1042 2401 1132 2458 tune
1159 2393 1311 2458 Pilatus
1336 2392 1450 2457 iussit

302 2499 407 2565 reddi
445 2519 589 2584 eorpus.
626 2501 754 2565 Marcus
792 2501 854 2565 sio:
896 2500 964 2565 ⁴²et
1000 2519 1081 2564 eum
1118 2498 1191 2563 iam
1228 2517 1312 2564 sero
1352 2502 1487 2564 esseta

301 2608 454 2685 foetum,
479 2607 565 2690 quia
590 2608 669 2672 erat
688 2626 904 2690 parasceue,
930 2606 1026 2688 quod
1051 2609 1110 2670 est
1132 2609 1217 2670 ante
1242 2605 1446 2681 sabbatum,

302 2714 438 2779 ⁴³uenit
465 2713 602 2799 Ioseph
632 2715 674 2779 ab
703 2713 925 2791 arimathia,
958 2713 1102 2777 nobilis
1130 2711 1296 2792 decurio,
1326 2713 1448 2794 quiet

302 2822 384 2906 ipse
418 2825 499 2886 erat
531 2825 732 2905 expectans
764 2839 918 2904 regnum
947 2819 1016 2898 dei,
1046 2822 1083 2885 et
1116 2818 1296 2883 audacter
1318 2817 1447 2884 introit

304 2929 348 2993 ad
374 2929 542 2993 Pilatum
572 2931 608 2993 et
635 2928 781 3011 petiuit
813 2945 949 3010 eorpus
982 2925 1079 2991 Iesu.
1112 2924 1294 2991 ⁴⁴Pilatus
1327 2929 1444 2989 autern

393 3173 425 3225 16
445 3171 559 3226 *blatta
579 3173 621 3234 27,
642 3174 675 3225 57
697 3177 723 3225 et
743 3173 776 3224 58
832 3172 867 3224 20
886 3170 986 3223 ‘Maro
1007 3170 1048 3232 15,
1067 3170 1175 3223 42-45

339 3296 351 3347 1
374 3295 447 3348 lucas
468 3296 558 3362 lapso,
578 3311 681 3348 marens
701 3296 762 3363 χψω
781 3310 884 3347 roem
1005 3292 1184 3362 magdalenen
1205 3291 1239 3345 0ι
1261 3291 1360 3363 0M²Q
1376 3291 1407 3346 S¹
1421 3312 1443 3360 ῖ.

302 3401 376 3438 -nerrr
400 3383 455 3436 BR
478 3382 532 3444 M¹‚
562 3400 636 3435 -narn
661 3402 677 3434 a
695 3401 717 3450 p
731 3400 755 3452 p.
782 3399 828 3436 -ne
852 3385 935 3450 (nae)
959 3387 1006 3435 cet.
1115 3383 1132 3435 2
1155 3381 1292 3451 possimne
1314 3380 1441 3450 1121110.

302 3477 469 3542 potessernue
490 3471 533 3534 0¹,
557 3473 719 3540 petissemus
745 3471 815 3534 0²1³,
839 3471 1020 3540 potuissemus
1042 3469 1078 3523 0³
1092 3487 1111 3540 p
1216 3471 1235 3524 4
1258 3472 1369 3525 eandem
1389 3469 1444 3523 0¹1³

301 3559 749 3630 61υο181ηιατειιεχψωναεηι
827 3559 988 3613 iiolranuis
1009 3557 1071 3613 0¹1³
1141 3561 1236 3613 ileum
1256 3557 1442 3616 ormfflffl,

304 3651 337 3706 10
355 3648 501 3718 militibus]
519 3647 677 3702 mulieribus
697 3650 736 3702 B¹
793 3650 823 3701 11
846 3649 1000 3718 postquam]
1021 3647 1165 3718 quandop
1221 3649 1254 3702 13
1274 3649 1369 3702 turbae
1385 3653 1439 3715 (om.

302 3739 342 3806 se)
364 3736 405 3800 0¹,
425 3737 565 3790 turbaesse
585 3736 612 3789 B
717 3737 749 3790 15
768 3736 834 3805 iam]
854 3737 935 3788 etiarn
959 3734 982 3805 Q
1082 3737 1115 3788 16
1134 3753 1193 3788 sero
1212 3737 1275 3805 (om.
1295 3739 1391 3797 autem)
1409 3733 1439 3786 0¹

302 3825 506 3893 HAFPLS'p.
527 3830 617 3878 autern
637 3842 694 3878 sero
712 3842 754 3893 pv
810 3824 911 3877 facturn
931 3840 982 3878 om.
998 3841 1019 3891 p
1059 3825 1092 3878 17
1111 3825 1236 3878 arimatia
1253 3824 1281 3877 B
1318 3827 1350 3880 19
1366 3823 1440 3894 petiit

301 3913 359 3968 RD
382 3915 408 3968 V
427 3911 565 3982 0²NM²Q
583 3911 670 3966 H²E²
685 3915 763 3982 γχψω
778 3913 937 3982 ppelmv,
957 3912 1058 3981 petiuit
1075 3929 1119 3965 ra
1190 3913 1225 3967 20
1243 3911 1321 3966 reddi
1339 3911 1436 3982 eorpus]

303 4003 367 4057 add.
391 4004 450 4056 iesu
473 4001 587 4055 HAEL
610 4001 643 4055 el
751 4012 824 4055 esset
846 4001 947 4054 laetum
973 4011 1015 4054 est
1041 3999 1140 4064 ML,
1163 4000 1266 4054 facturn
1290 4005 1361 4056 esset
1383 3999 1438 4052 Vr

302 4091 336 4142 22
356 4089 480 4143 arimatia
498 4089 552 4144 ΒΟ
642 4090 676 4143 23
696 4089 836 4143 audaciter
855 4088 894 4141 B²
987 4089 1084 4142 introit
1101 4089 1137 4153 B,
1156 4090 1285 4144 introiuit
1296 4087 1435 4160 praelo,

301 4179 408 4232 introiit
428 4185 473 4232 eet.
529 4181 563 4231 21
583 4179 663 4248 petiit
682 4179 708 4232 L
729 4178 847 4248 ργχψω
862 4195 908 4246 pe
