3100 4967
190 339 1156 414 deconeensueuangelisturumlib.11.oap.lll—llll.
1216 349 1259 414 89

130 537 174 619 qui
194 538 309 622 regiam
332 538 364 602 in
389 537 514 603 Christo
537 538 721 604 instituerat
743 539 904 604 insinuare
927 559 1109 628 personam,
1128 549 1259 624 excepto

129 643 188 725 ipso
206 642 329 709 Christo
348 644 557 728 quadraginta
574 644 718 709 homines
741 646 773 710 io
799 647 1037 730 generationum
1061 647 1142 712 serio
1161 648 1260 713 nomi-

129 768 217 814 nasse.
238 771 388 815 numerus
412 755 519 816 antem
542 751 605 817 iste
627 752 709 817 illud
732 756 860 835 tempus
881 753 1049 837 significat,
1070 773 1131 836 quo
1150 755 1182 818 in
1200 755 1261 818 hoo

131 858 242 922 saeculo
265 861 298 921 et
319 857 352 922 in
376 859 435 922 hao
458 862 542 923 terre
564 858 631 942 regi
656 878 714 924 nos
739 863 864 946 oportet
887 879 904 924 a
930 859 1056 926 Christo
1085 860 1261 926 secundum

108 963 314 1046 riisoiplinam
346 966 549 1042 laboriosam,
574 984 637 1048 qua
667 966 865 1050 flagellat
897 967 1004 1045 dous,
1037 971 1074 1032 ut
1107 968 1262 1052 seriptum

131 1075 180 1142 ast,
198 1091 345 1136 omnem
369 1072 518 1149 tilium,
538 1092 652 1156 quem
677 1075 839 1156 recipit,
860 1072 898 1138 de
917 1094 980 1157 qua
999 1075 1077 1140 dioit
1096 1076 1262 1158 apostolus

130 1197 177 1258 per
199 1178 433 1244 tribulationem
461 1199 518 1244 uos
548 1184 691 1262 oportere
717 1182 834 1245 intrare
862 1181 893 1245 in
921 1201 1053 1264 regnum
1078 1181 1138 1249 dei.
1168 1201 1263 1264 quem

133 1283 273 1368 signifieat
299 1288 399 1350 etiam
424 1287 481 1351 illa
508 1287 599 1371 uirga
625 1287 735 1366 ferrea,
764 1289 802 1352 do
832 1307 894 1370 qua
921 1289 952 1352 in
980 1289 1106 1371 psalmo
1129 1289 1263 1372 legitur:

132 1409 233 1476 reges
260 1411 328 1458 eos
357 1393 395 1457 in
424 1393 543 1478 uirga
569 1394 710 1472 ferrea,
740 1413 812 1458 oum
843 1395 991 1477 superius
1017 1395 1162 1460 dixisset:
1191 1413 1263 1478 ego

99 1501 1263 1583 oaoremconstitutussnmrexaoeosuporstonmonrem

136 1611 302 1670 sunctum
336 1608 437 1673 eius.
470 1611 623 1692 reguntur
652 1608 735 1672 enim
765 1609 860 1673 etiam
886 1609 960 1672 boni
983 1609 1014 1672 in
1038 1609 1130 1692 uirga
1153 1610 1264 1686 ferrea,

136 1711 167 1774 le
195 1714 305 1794 quibus
339 1713 469 1778 dieitur:
506 1719 676 1798 tempus,
714 1719 757 1780 ut
794 1715 993 1780 iudicium
1030 1715 1209 1796 incipiat
1248 1733 1265 1778 a

135 1817 234 1883 domo
267 1820 429 1898 domini,
464 1826 503 1886 et
535 1821 568 1886 si
601 1821 767 1885 initium
793 1841 811 1885 a
835 1823 961 1898 nobie,
997 1821 1132 1904 qualis
1164 1821 1265 1884 linis

135 1925 204 1990 erit
243 1928 301 1992 oie
346 1928 414 2009 qui
450 1948 525 1992 non
563 1928 736 1993 eredunt
772 1929 835 1993 dei
874 1929 1116 2012 euangelio?
1154 1932 1193 1991 et
1230 1928 1264 1992 ei

101 2034 259 2098 uiustus
295 2035 363 2098 nix
400 2035 544 2100 saluus
582 2035 669 2112 erit,
703 2039 894 2119 pensator
930 2040 968 2100 et
1005 2035 1156 2118 impius
1196 2035 1266 2098 ubi

134 2141 406 2220 parebuntrad
425 2162 504 2224 quoe
524 2143 661 2224 pertinet
680 2142 763 2225 quod
788 2143 945 2224 sequitur:
971 2145 1172 2225 tamquam
1195 2159 1266 2206 uas

133 2247 247 2332 figuli
279 2252 469 2314 conteres
502 2269 579 2313 eos.
609 2254 764 2332 reguntur
788 2250 870 2314 onim
893 2250 967 2313 boni
991 2269 1047 2331 per
1070 2249 1149 2313 hono
1173 2248 1266 2312 disei-

133 2355 249 2436 plinam,
281 2357 358 2420 moli
391 2356 659 2433 comminuuntur,
689 2357 743 2440 qui
775 2359 937 2439 tamquam
970 2356 1054 2420 idem
1087 2356 1149 2439 ipsi
1182 2374 1265 2420 com-

133 2467 334 2528 memorantur
351 2466 480 2546 propter
497 2483 560 2527 una
578 2465 679 2545 adque
699 2463 808 2528 eedem
828 2465 1033 2541 sacramenta,
1054 2481 1131 2545 quae
1150 2462 1267 2526 habent

99 2579 119 2619 ²⁰
133 2572 300 2635 communia
323 2570 396 2634 mali
420 2589 493 2635 oum
516 2571 618 2634 bonis.

210 2781 277 2836 aer.
296 2781 395 2836 nauh.
418 2782 441 2844 1,
463 2783 494 2835 11
545 2781 816 2845 sonneras
868 2779 1132 2846 1111111111
1185 2779 1265 2835 ons.

133 2871 209 2936 nee
278 2871 396 2938 mae
453 2870 795 2938 rumperetur-re
852 2869 1073 2927 remenso

164 2995 382 3048 1111111111111Β1
455 2994 608 3048 2hominis
630 2994 691 3048 0¹1³
765 2995 782 3047 3
802 2994 865 3064 quo]
886 2993 958 3063 quod
977 2994 1012 3062 Β,
1032 3011 1084 3063 qno
1105 2997 1132 3045 et
1150 2991 1266 3061 erup

131 3085 233 3149 peel
322 3087 340 3138 4
367 3084 396 3136 in
424 3100 475 3138 oar.
509 3083 535 3136 V
640 3086 656 3138 6
685 3099 790 3136 omnem
818 3100 839 3136 a.
870 3083 886 3136 l.
918 3081 942 3136 0
1074 3083 1178 3152 recepit
1208 3081 1269 3136 C'P

133 3172 207 3240 iper
226 3174 417 3227 tribulationes
440 3191 458 3223 α
479 3188 496 3226 a
518 3169 571 3241 (imi
594 3169 697 3223 πολλῶν
720 3169 849 3240 θλίψεων)
971 3170 1032 3240 (om.
1059 3175 1116 3234 nos)
1141 3175 1264 3239 oportere

133 3261 267 3331 lutee,
291 3265 417 3332 oportere
441 3278 490 3315 nos
507 3279 549 3331 χω
575 3261 656 3328 alm,
682 3263 791 3329 oportet
813 3277 862 3312 nos
881 3276 922 3313 ru
945 3258 994 3328 (bri
1015 3257 1097 3328 ἡμᾶς)
1188 3276 1266 3328 opor·

132 3352 324 3419 terereintrare
339 3351 366 3404 Β
416 3350 481 3405 8rle
500 3349 677 3419 qua—ferrea
695 3365 745 3403 om.
761 3349 796 3402 H
842 3351 948 3418 9oum]
970 3365 1050 3418 quam
1064 3347 1111 3412 13¹,
1131 3363 1213 3416 quum
1228 3347 1267 3400 152

135 3439 160 3489 ll
178 3441 242 3494 enim
259 3457 311 3495 ono.
331 3441 359 3493 Β
425 3441 457 3493 12
476 3443 585 3508 tempus
605 3440 640 3507 B,
659 3442 766 3508 tompus
787 3443 829 3492 est
847 3444 904 3504 cet,
924 3437 993 3504 edat,
1012 3455 1028 3491 u
1047 3437 1158 3508 (καιρός)
1237 3441 1267 3492 ut

134 3526 236 3596 incipiat
251 3529 377 3583 inditium
401 3529 499 3594 Ttroo
518 3525 651 3599 ἄρξασθαι
669 3530 697 3580 rb
717 3527 805 3599 κρίμα)
859 3527 1002 3596 iudicium]
1024 3526 1089 3584 add.
1110 3543 1206 3592 rusum,
1220 3525 1269 3580 aed

134 3630 195 3669 erae.
212 3617 240 3670 F
312 3617 339 3686 a]
359 3617 393 3671 de
416 3617 551 3684 Turro),
573 3617 606 3670 ad
624 3615 666 3670 Νι
750 3618 782 3670 13
802 3616 915 3685 domini]
935 3616 979 3670 dei
1003 3617 1028 3668 V
1044 3617 1096 3686 ψυ
1118 3620 1172 3681 (roo
1191 3617 1268 3682 θεοῦ)

135 3710 159 3756 et
174 3706 207 3775 ei]
225 3707 246 3760 si
264 3711 356 3761 antem
374 3724 391 3760 v
409 3705 443 3775 (ri
462 3705 500 3774 δέ)
577 3705 698 3775 initium]
716 3706 906 3774 inquittinium
926 3704 974 3768 131.
993 3706 1083 3774 inquit
1101 3706 1209 3759 initium
1229 3703 1268 3756 Β2

135 3795 237 3859 quamlis
254 3796 291 3850 B¹
341 3796 374 3849 14
394 3795 450 3862 (dei
469 3801 532 3862 om.)
553 3796 694 3865 euangelio
713 3795 819 3861 PVN,
839 3796 980 3864 euangelio
1000 3796 1077 3866 deip
1125 3798 1157 3848 15
1175 3795 1267 3848 saluus

135 3881 190 3951 erit]
206 3885 355 3940 saluabitur
372 3902 412 3939 ro
431 3884 563 3952 (σώζεται)
623 3889 651 3938 et
669 3901 720 3938 ono.
742 3883 775 3937 C¹
837 3885 944 3952 impiil
986 3886 1018 3938 16
1038 3883 1267 3952 comparebuntp

135 3970 174 4039 ad]
193 3989 208 4025 a
226 3974 257 4027 0¹
324 3975 356 4028 17
377 3964 511 4043 conteres]
530 3973 697 4042 confringes
720 3973 752 4034 T,
771 3971 926 4041 confringes
942 3990 988 4040 po
1057 3973 1088 4026 18
1107 3973 1183 4040 mali]
1203 3973 1268 4026 mali

135 4075 190 4112 nero
212 4061 365 4117 VHAEL
377 4063 534 4132 ppaelm
654 4063 872 4115 comminuuntur
890 4063 983 4129 (mmin
1004 4063 1035 4116 in
1054 4068 1120 4128 ros.)
1140 4062 1175 4129 B,
1196 4078 1267 4114 com·

134 4149 277 4205 muniuntur
297 4153 330 4216 Τ,
349 4153 550 4206 comminuntnr
567 4151 601 4204 H
664 4149 747 4204 iidem
766 4150 826 4202 edd.
847 4157 993 4220 praeterp
1049 4153 1080 4204 19
1101 4167 1168 4204 una*
1186 4153 1266 4218 (eros.

136 4241 169 4300 m)
187 4237 218 4306 P,
235 4256 312 4296 unam
335 4241 365 4311 Q,
385 4258 465 4295 unam
485 4239 564 4294 fidem
583 4259 624 4310 χω
697 4256 720 4292 a.
741 4239 847 4308 eadem]
868 4239 1015 4308 eademque
1035 4240 1090 4310 pp
