3100 4967
202 372 241 426 de
271 390 466 428 eonsensu
497 375 910 443 euangelistarumlib.
928 374 965 429 II.
985 393 1043 446 cap.
1061 377 1159 431 LXXX
1200 380 1265 443 265

126 570 253 651 possent,
282 569 492 651 praemonuit.
522 568 605 652 quod
637 569 791 633 indicium
824 574 1041 651 sequerentur,
1070 571 1108 635 de
1140 572 1265 637 homine

127 678 257 756 gestante
285 695 385 759 aquae
413 677 578 759 lagoenam
608 677 661 740 uel
694 658 889 759 amphoram,
917 682 954 741 ut
986 696 1059 741 eum
1091 679 1194 742 seouti
1227 680 1266 743 ad

127 782 254 858 domum,
284 802 378 863 quam
405 782 544 850 uolebat.
568 784 723 849 uenirent.
753 802 826 847 eum
853 784 962 865 itaque
989 802 1050 847 non
1078 783 1130 848 hio
1156 789 1267 866 posset

127 888 181 953 dici
202 890 253 953 ‘ite
277 890 316 953 ad
340 890 536 971 quemlibet’,
562 889 646 972 quod
669 890 836 971 integritas
861 890 989 971 quidem
1015 890 1186 955 locutionis
1215 891 1266 955 ad-

102 997 225 1065 emittit.
249 996 306 1060 sed
328 996 389 1060 hoo
411 997 482 1060 loeo
506 996 550 1059 rei
574 996 680 1069 huius,
706 1015 787 1077 quae
810 996 1039 1076 insinuabatur,
1062 998 1181 1062 ueritas
1205 1018 1266 1062 non

126 1102 264 1177 admittit,
288 1103 534 1184 quantominus
558 1103 611 1167 hio
635 1102 697 1167 diei
720 1104 826 1185 potuit
844 1103 898 1167 ‘ite
923 1103 962 1167 ad
985 1102 1162 1186 quendam,
1182 1104 1267 1186 quod

126 1210 239 1274 omnino
268 1228 441 1291 numquam
471 1211 558 1274 reeta
584 1210 745 1274 locutione
775 1209 839 1273 diei
866 1214 986 1292 potest!
1016 1211 1072 1274 sed
1099 1210 1193 1293 plane
1221 1210 1266 1275 di-

126 1317 254 1399 soipnlos
276 1336 292 1379 a
313 1316 439 1380 domino
459 1334 519 1380 non
535 1315 574 1379 ad
589 1316 774 1398 quemlibet,
796 1316 851 1379 sed
866 1316 906 1379 ad
920 1316 1076 1398 quendam
1096 1318 1266 1393 hominem,

125 1422 152 1485 id
174 1426 220 1487 est
242 1422 281 1486 ad
306 1426 428 1487 eertum
452 1422 589 1503 aliquem
615 1422 731 1486 missos
761 1441 831 1486 esse
860 1423 1065 1487 manifestum
1094 1426 1152 1488 est.
1182 1423 1266 1505 quod

92 1530 204 1593 ononis
236 1548 271 1593 er
303 1548 438 1612 persona
469 1547 528 1593 sua
562 1532 647 1593 reete
683 1529 790 1611 potuit
826 1530 1025 1611 euangelista
1062 1549 1197 1606 narrare,
1230 1538 1267 1595 ut

127 1636 231 1700 diceret
253 1636 355 1700 ‘misit
383 1654 437 1700 eos
467 1636 505 1699 ad
534 1636 701 1717 quendam,
725 1638 762 1698 ut
792 1635 932 1700 dicerent
955 1636 998 1699 ei:
1028 1640 1106 1719 aput
1128 1640 1160 1700 te
1183 1637 1265 1700 facio

127 1742 248 1823 paseha'.
274 1743 381 1826 potuit
404 1742 498 1807 etiam
523 1742 569 1806 sio
597 1742 697 1806 ‘misit
725 1761 779 1807 eos
804 1743 844 1807 ad
872 1743 1028 1825 quendam
1058 1743 1181 1808 dicens:
1209 1744 1265 1813 ite,

126 1849 210 1914 dieite
236 1851 279 1915 ei:
309 1853 386 1933 aput
408 1854 439 1913 te
462 1850 544 1914 faeio
569 1850 706 1932 paseha'.
731 1868 768 1914 ao
786 1870 842 1931 per
860 1850 921 1914 hoo
940 1868 1012 1914 oum
1031 1850 1128 1915 uerba
1146 1848 1266 1913 domini

126 1958 274 2036 posuisset
306 1956 457 2021 dicentis:
488 1957 541 2020 ite
573 1957 609 2020 in
643 1956 851 2028 ciuitatem,
883 1956 1076 2040 interposuit
1105 1956 1193 2037 ipse:
1222 1955 1266 2020 ad

95 2063 304 2142 oquendam
334 2082 394 2127 non
424 2063 498 2143 quia
525 2060 586 2127 hoo
614 2062 760 2127 dominus
786 2064 908 2132 dixerit.
934 2064 989 2127 sed
1018 2067 1054 2127 ut
1076 2063 1145 2144 ipse
1173 2062 1265 2127 nobis

127 2166 286 2234 insinuaret
309 2170 407 2234 taoito
431 2169 555 2233 nomine
579 2169 679 2233 fuisse
703 2170 860 2253 quendam
883 2170 913 2233 in
939 2169 1079 2245 ciuitate,
1104 2168 1143 2233 ad
1171 2188 1265 2251 quem

127 2274 232 2339 domini
259 2276 411 2359 discipuli
439 2274 656 2353 mittebantur,
685 2280 722 2340 ut
749 2281 970 2359 praepararent
997 2276 1125 2358 paseha.
1154 2294 1191 2339 ao
1218 2275 1265 2339 sio

128 2384 188 2460 post
212 2382 291 2448 hane
320 2402 356 2447 er
384 2401 518 2467 persona
546 2402 604 2445 sue
632 2383 904 2465 interpositionem
933 2383 1067 2447 duorum
1094 2383 1265 2447 uerborum

128 2490 256 2569 seqnitur
284 2490 426 2555 ordinem
459 2490 628 2555 uerborum
662 2490 780 2554 domini
814 2490 962 2554 dicentis:
998 2495 1034 2553 et
1067 2489 1183 2553 dieite
1216 2489 1265 2551 ei:

95 2606 114 2645 ²0
127 2596 293 2678 magister
317 2596 420 2662 dioit.
446 2597 508 2661 iam
528 2597 610 2661 enim
631 2598 658 2661 si
678 2615 824 2679 quaeras:
846 2600 918 2661 oui?
937 2601 1022 2661 recte
1041 2595 1265 2677 respondetur:

128 2698 165 2762 illi
191 2702 313 2767 cuidam
341 2702 473 2777 homini,
502 2704 542 2767 ad
570 2722 662 2784 quem
691 2702 819 2766 misisse
848 2703 1025 2768 insinuauit
1056 2701 1265 2786 euangelista.

128 2824 187 2870 eum
223 2828 257 2873 er
294 2828 431 2892 persona
464 2827 521 2871 sua
554 2808 813 2891 interposuisset:
848 2808 891 2871 ad
933 2809 1122 2890 quendam.
1160 2808 1266 2871 minus

128 2914 239 2994 quidem
267 2916 389 2981 usitata
416 2915 547 2984 locutio,
577 2915 633 2979 sed
660 2918 765 2978 tamen
794 2916 841 2979 sio
868 2915 1031 2979 intellecta
1062 2916 1265 2999 integerrima

129 3025 181 3095 est3
210 3028 264 3087 eut
296 3023 324 3087 si
356 3022 452 3087 habet
483 3022 603 3103 aliquid
636 3022 838 3103 proprietatis
870 3022 1015 3085 Hebraea
1050 3022 1170 3105 lingua.
1203 3041 1266 3102 qua

95 3136 113 3178 ²⁵
128 3128 295 3207 perhibetur
328 3129 497 3210 scripsisse
524 3128 698 3199 Mattheus,
735 3134 769 3191 ut
800 3130 895 3193 etiam
928 3132 1031 3192 totum
1064 3148 1099 3191 er
1131 3146 1265 3209 persona

129 3230 231 3298 domini
258 3236 379 3300 dietum
408 3236 579 3301 locutionis
608 3235 790 3319 integritate
819 3255 879 3299 non
905 3237 1019 3311 eareat,
1042 3234 1182 3298 uiderint
1210 3235 1262 3315 qui

204 3478 235 3531 25
254 3478 286 3534 ef.
307 3493 389 3546 snpra
407 3477 425 3531 l.
445 3478 470 3545 1,
490 3494 512 3531 e.
532 3478 557 3539 2,
578 3494 603 3530 n.
622 3480 652 3541 43
673 3478 691 3529 l.
710 3478 735 3539 2,
755 3494 778 3531 o.
798 3479 841 3543 66,
860 3494 887 3530 ιι.
909 3478 960 3531 128

157 3652 171 3703 2
187 3652 338 3723 laguenam]
359 3656 520 3723 laguaenam
534 3653 570 3713 Β.
588 3655 732 3723 lagoenam
755 3654 805 3707 ΟΡ
821 3652 924 3717 ML,
943 3654 1072 3722 lapynem
1086 3651 1123 3720 R,
1138 3654 1209 3722 ·gin.
1232 3652 1262 3707 Τ.

129 3756 191 3806 ·gen.
208 3741 247 3795 N²
265 3744 325 3798 edd.
382 3743 512 3797 amtorem
530 3744 558 3797 B
580 3741 666 3811 0NQ,
686 3741 739 3796 anf.
760 3743 874 3797 HAEL
910 3742 1075 3795 3uolebant
1093 3742 1132 3794 B¹
1150 3742 1264 3795 HAEL

128 3826 178 3882 edd.
195 3838 304 3898 praeter
323 3832 368 3885 tm
422 3833 467 3885 hie
484 3848 538 3884 non
554 3848 575 3899 p
621 3830 740 3900 dquod]
761 3831 896 3899 quomodo
914 3830 943 3884 R
991 3831 1022 3883 12
1042 3832 1092 3899 sie]
1112 3831 1153 3883 sio
1171 3847 1262 3897 eesep

130 3916 157 3970 13
170 3918 275 3989 domini]
289 3921 355 3975 add.
371 3921 523 3988 matheusp
562 3919 594 3972 14
610 3919 700 3973 dicens
711 3919 837 3972 HAE¹L
875 3920 908 3973 16
919 3920 1059 3973 ciuitatem
1074 3917 1136 3972 ΟΨ
1173 3918 1204 3970 17
1219 3920 1262 3985 ao]

130 4002 170 4057 hae
189 4006 247 4061 0¹?
306 4010 339 4063 18
359 4008 566 4077 interpositione
585 4009 612 4061 B
631 4008 669 4061 E¹
736 4010 767 4062 19
788 4010 925 4078 sequimur
946 4007 1002 4069 GP,
1020 4011 1263 4077 sequeretnrrae

129 4092 158 4146 20
174 4097 222 4165 eni]
242 4114 285 4151 our
304 4098 329 4151 ei
347 4097 440 4162 RTD,
460 4097 503 4151 cui
523 4097 548 4150 ei
566 4114 581 4149 r
644 4096 854 4165 responderetur
872 4096 911 4150 B¹
932 4096 989 4159 GP,
1008 4095 1204 4165 respondeatur
1221 4094 1264 4148 N²

129 4182 155 4235 21
172 4184 280 4255 misisse]
302 4187 367 4241 add.
388 4203 447 4241 eum
466 4184 509 4239 N‘
571 4184 735 4255 insinuatQ
780 4187 815 4238 22
834 4186 934 4253 minus]
956 4189 984 4238 et
1000 4185 1126 4254 minusq
1170 4184 1204 4238 23
1223 4186 1263 4238 sie

130 4287 172 4325 orie.
189 4273 224 4325 Β1
276 4276 308 4329 26
327 4275 452 4329 uiderent
473 4272 514 4337 0¹,
534 4274 685 4327 uiderent„
705 4277 786 4341 (erae.
805 4277 847 4340 ur)
866 4274 899 4337 P,
919 4273 1032 4327 uideant
1050 4291 1066 4327 r
