3100 4967
281 276 324 331 de
351 292 452 333 cons.
481 278 826 348 evangelistarum
853 278 903 333 lib.
921 278 956 333 ΙΙ.
977 279 1127 351 eornm
1221 282 1283 347 177

84 494 86 499 ·
142 480 169 544 in
194 478 353 561 loquendo
382 496 452 542 esse
480 477 670 542 eontrarium
693 512 736 523 ·-
760 478 794 541 et
815 475 876 541 boo
898 475 930 540 in
952 493 1017 539 une
1039 477 1197 541 sententie
1218 479 1283 541 tam

143 586 240 650 uicino
270 585 386 667 positis
418 584 524 649 uerbis
548 622 602 661 —,
626 582 682 666 qui
709 602 783 648 eum
810 584 906 665 paulo
935 584 1007 647 ante
1030 581 1162 647 dioeret:
1187 584 1285 647 alter

143 692 297 757 alterius
326 708 435 757 onera
461 694 621 775 portate,
652 693 765 773 postea
792 689 885 754 dixit:
908 690 1172 773 unusquisque
1203 708 1284 771 pro·

142 798 257 881 prium
292 817 383 864 onus
416 798 594 882 portabit.
632 796 687 862 sed
720 794 891 862 alis‘sunt
923 814 1017 862 onera
1047 790 1284 880 participandae

116 905 340 983 tinfirmitatis,
364 905 425 969 alia
446 904 623 970 reddendae
644 904 776 969 rationis
797 904 855 969 deo
875 902 913 967 de
932 902 1059 969 notibus
1076 904 1208 979 uostris;
1227 902 1285 967 illa

143 1030 209 1077 enm
238 1012 390 1079 frutribus
423 1010 631 1077 sustentanda
663 1012 949 1089 communicantur,
976 1010 1056 1076 bueo
1087 1010 1214 1094 propria
1243 1010 1283 1075 ab

142 1138 327 1203 unoquoque
354 1122 526 1202 portantur.
553 1118 600 1184 ita
629 1122 662 1185 et
688 1119 783 1203 uirga
803 1119 1004 1202 intellegitur
1024 1118 1221 1201 spiritaliter,
1245 1117 1285 1182 de

143 1244 199 1308 qne
221 1224 348 1291 dicebat
374 1227 554 1311 apostolus:
578 1226 614 1290 iu
638 1226 746 1310 uirga
769 1225 916 1291 ueniam
939 1225 984 1290 ad
1007 1228 1098 1292 uos?
1121 1228 1154 1290 ot
1176 1242 1285 1308 eorpo-

142 1333 252 1411 raliter,
277 1350 341 1415 qua
362 1332 485 1398 utimur
507 1332 576 1397 sius
600 1332 639 1397 ed
662 1352 779 1415 equum
803 1332 873 1399 siue
891 1332 932 1397 ud
950 1331 1071 1416 aliquid
1093 1331 1180 1397 abed
1204 1351 1284 1416 opus

108 1456 127 1493 1⁰
141 1439 240 1517 luerit,
268 1443 306 1504 ut
332 1438 459 1505 interim
487 1440 634 1504 omittam
664 1442 697 1503 et
724 1440 803 1504 alius
834 1438 931 1504 buius
961 1440 1100 1506 nominis
1131 1438 1284 1523 figuratas

142 1543 393 1628 significationes.

180 1650 358 1735 Utrumque
382 1668 456 1735 ergo
480 1650 700 1735 accipiendum
725 1654 775 1716 est
792 1670 812 1715 a
830 1651 958 1717 domino
976 1652 1132 1735 apostolis
1150 1651 1283 1730 dietum,
1308 1644 1350 1712 73

142 1760 172 1821 et
195 1762 231 1822 ut
257 1776 315 1823 neo
342 1758 466 1842 uirgam
492 1759 612 1823 fement
638 1760 672 1822 et
697 1764 734 1823 nt
760 1758 886 1825 nonnisi
913 1759 1037 1844 uirgam
1060 1759 1185 1823 ferrent
1209 1776 1281 1822 oum

142 1864 219 1929 enim
251 1864 428 1931 seeundum
459 1864 640 1930 Mattheum
672 1864 794 1930 diceret
825 1866 887 1931 eie:
920 1864 1053 1933 ⁹nolito
1084 1865 1282 1950 possidere

108 1986 264 2037 unorum
302 1990 422 2053 noque
459 1975 657 2055 argentum
698 1990 819 2055 neque
860 1973 1056 2056 pecuniam
1099 1973 1135 2037 in
1178 1971 1281 2038 nouis

143 2078 288 2157 uestris,
323 2077 419 2142 1⁰non
438 2098 562 2162 peram
585 2079 621 2143 in
646 2078 708 2143 uia
729 2097 849 2161 neque
874 2079 967 2145 duas
989 2080 1139 2145 tunioee
1163 2098 1282 2163 neque

144 2185 385 2250 calciamenta
420 2204 540 2267 neque
577 2186 733 2269 uirgam,
767 2186 917 2254 eontinno
956 2185 1106 2251 subieeit:
1145 2186 1281 2271 dignus

144 2294 196 2354 est
217 2290 312 2355 enim
338 2291 531 2375 operarius
555 2291 637 2355 cibo
662 2310 743 2357 eno.
766 2292 850 2357 unde
873 2293 952 2357 satis
978 2293 1127 2371 ostendit,
1147 2311 1204 2358 our
1226 2311 1280 2358 eos

142 2397 212 2463 haee
234 2397 395 2482 possidere
418 2417 455 2463 ao
478 2399 557 2463 ferre
580 2398 729 2477 noluerit,
747 2418 809 2464 nou
829 2398 913 2483 quod
931 2400 1110 2465 necessaria
1131 2418 1193 2465 nnn
1217 2399 1283 2465 sint

107 2516 127 2555 ²⁰
143 2505 360 2570 sustentationi
386 2505 482 2570 huius
510 2505 607 2582 uitae,
636 2506 692 2571 sed
721 2507 796 2588 quia
824 2506 870 2571 sio
898 2526 952 2572 eos
984 2506 1143 2585 mittebat,
1170 2508 1208 2573 ut
1234 2507 1281 2572 eis

142 2609 212 2675 haee
242 2610 348 2679 deberi
380 2612 610 2678 domonstraret
641 2614 679 2677 ab
711 2613 776 2677 illis
812 2613 893 2697 ipsis
924 2614 1041 2696 quibus
1078 2614 1282 2698 euangelium

142 2717 334 2783 erodentibus
376 2717 607 2797 adnuntiarent,
647 2724 811 2803 tamquam
857 2720 1013 2804 stipendia
1055 2720 1280 2801 militantibus,

142 2826 295 2906 tamquam
322 2824 463 2890 fructum
490 2826 602 2891 uineae
628 2826 872 2909 plantatoribus,
900 2830 1064 2909 tamquam
1093 2826 1143 2892 leo
1175 2828 1280 2912 gregis

141 2930 324 3009 pastoribus.
343 2930 427 2996 uude
440 2931 560 2997 Paulus
579 2932 671 2997 dicit:
693 2930 791 3016 'quis
811 2933 955 2998 militat
973 2934 1054 2998 suis
1074 2933 1279 3016 stipendiis

106 3042 328 3119 ²rumquam?
352 3038 437 3121 quis
460 3039 609 3123 plantat
632 3040 780 3105 niueam
809 3043 847 3105 et
875 3040 917 3105 do
947 3041 1075 3105 fruotu
1099 3040 1180 3107 eins
1208 3062 1278 3108 nou

222 3263 351 3321 SICor.
369 3263 397 3332 4,
416 3262 448 3317 21
507 3264 875 3329 14*Matoh.1o,9et1o
929 3266 1171 3333 alboeno?

176 3388 264 3459 lhoe]
282 3390 336 3443 hoo
355 3404 414 3443 esse
434 3388 491 3442 HL
527 3389 630 3443 bonus
649 3406 737 3459 propr.
757 3388 784 3443 V
817 3391 975 3459 lportauit
993 3388 1034 3443 Βι
1085 3391 1188 3444 honera
1205 3389 1282 3442 BH

142 3478 344 3548 purteoepeudae
365 3477 428 3532 0¹1³
506 3481 522 3533 5
541 3476 680 3531 reddenda
696 3478 736 3531 B¹
818 3480 835 3531 6
853 3478 1032 3532 sustentanda
1049 3478 1144 3550 (tenda
1161 3479 1193 3531 io
1210 3482 1279 3545 ros.)

144 3564 169 3631 (J,
186 3566 311 3621 sustende
333 3566 377 3630 T1,
397 3564 555 3620 sustinenda
573 3566 611 3619 E·
628 3586 644 3637 γ
663 3569 750 3621 rael
822 3567 912 3637 8qno
930 3566 958 3620 B
1030 3566 1130 3621 dieite
1184 3568 1278 3621 9eiue

143 3654 172 3706 ud
189 3671 282 3725 equum
302 3672 356 3725 qus
373 3656 476 3708 utimur
494 3654 590 3725 Mr'yroe
685 3656 719 3709 10
737 3660 765 3710 et
785 3672 835 3710 om.
855 3673 871 3709 r
960 3658 992 3711 11
1013 3657 1223 3727 significationis
1245 3655 1279 3708 0¹

144 3742 172 3795 13
189 3748 214 3797 et
226 3762 270 3813 pr.
290 3761 341 3799 orn.
364 3742 476 3812 oPFp
549 3746 620 3813 curu]
641 3762 688 3798 eur
709 3744 759 3799 ΟΡ
845 3747 877 3799 14
897 3745 996 3799 dixerit
1017 3745 1051 3801 0²
1119 3745 1277 3800 romuleas

145 3830 188 3884 ΟΡ
202 3833 252 3886 AL
323 3834 356 3885 l'l
376 3832 505 3887 contiuuo
523 3831 551 3885 B
616 3832 739 3886 illenim
759 3850 810 3887 om.
830 3834 901 3902 Mp
974 3835 1045 3887 enirn
1064 3838 1107 3887 eet
1123 3850 1141 3886 o
1213 3849 1277 3903 ope-

142 3921 214 3974 rarios
232 3922 269 3975 A¹
361 3918 515 3975 ostenditur
532 3922 594 3975 Ar
685 3921 931 3977 inhaeremus
1022 3922 1106 3992 quod]
1127 3939 1180 3991 qun
1201 3920 1280 3975 OPF

145 4006 220 4079 OMQ
245 4010 316 4079 Εεγ
338 4026 399 4079 qm,
428 4010 492 4078 quie
516 4026 538 4077 p
645 4010 678 4063 21
709 4010 807 4065 debere
834 4010 873 4064 B¹
977 4015 1140 4065 monstraret
1171 4010 1197 4063 V
1217 4010 1277 4078 'lp

142 4095 201 4165 ipsis
226 4115 276 4152 nor,
295 4116 317 4167 p
339 4116 357 4169 9
446 4100 481 4151 22
509 4098 648 4167 stipendio
668 4098 706 4153 Βι
806 4102 841 4155 25
871 4100 904 4155 de
931 4100 1050 4154 fructum
1078 4099 1112 4168 B,
1140 4102 1203 4167 (om.
1231 4098 1276 4165 de)

142 4184 245 4239 fructum
264 4187 305 4240 N¹

165 4308 274 4352 xxxxrrr
287 4313 346 4361 nug.
361 4312 420 4353 seor.
435 4314 470 4354 ur
483 4322 536 4363 par·
550 4310 570 4356 l.
1210 4296 1242 4348 12
