3100 4967
269 303 311 358 de
340 321 532 358 consensu
561 304 975 373 euangelistnrnmlib.
995 303 1045 358 111.
1064 321 1123 375 cap.
1142 304 1170 358 11
1230 307 1296 370 275

143 503 335 584 pastorem
372 505 408 564 et
446 499 713 582 dispargentur
752 517 846 562 ones
883 497 1022 582 gregis,
1066 495 1296 580 ³²postquam

143 609 267 670 autern
299 624 547 684 resurrexero,
577 604 798 688 praecedam
832 623 899 668 uos
928 604 963 668 in
994 603 1214 670 Galilaeam.
1249 605 1295 669 sio

141 731 273 796 prorsus
293 716 325 778 et
341 713 480 778 Marcus.
498 712 574 796 qnid
593 711 712 776 habent
725 712 822 777 etiam
835 711 914 776 haec
933 712 1029 776 uerba
1047 713 1102 777 uel
1120 711 1296 777 sententiae

143 819 249 884 simile
271 818 349 897 illis,
367 821 422 884 uel
443 819 559 902 quibus
583 818 759 884 secundum
778 818 951 884 Iohannem
971 819 1026 884 uel
1050 819 1166 901 quibus
1186 837 1296 885 secun·

112 924 220 991 ndum
238 925 357 990 Lucam
376 925 491 990 Petrus
514 925 641 990 rettulit
658 925 928 1008 praesumtionem
953 929 1067 990 snam?
1090 929 1122 990 et
1144 925 1196 989 hic
1221 944 1294 1008 ergo

143 1031 188 1096 ita
216 1031 376 1115 sequitur:
410 1030 670 1116 ³⁸respondens
704 1035 829 1098 autem
857 1031 994 1096 Petrus
1027 1031 1082 1096 ait
1113 1031 1189 1096 illi:
1221 1031 1296 1096 etsi

144 1157 271 1204 omnes
296 1138 550 1204 scandalizati
573 1137 722 1204 tuerint
744 1138 782 1203 iu
804 1140 851 1215 te,
875 1156 943 1222 ego
968 1157 1165 1220 numquam
1194 1156 1295 1202 scan-

144 1243 348 1309 dalizabor.
372 1244 455 1309 8⁴ait
479 1245 540 1310 illi
563 1245 687 1310 Iesus:
713 1264 817 1310 amen
841 1244 924 1310 dico
948 1246 1032 1323 tibi,
1057 1248 1145 1329 qnia
1167 1245 1204 1310 in
1228 1245 1296 1310 hac

143 1355 264 1428 nocte,
293 1353 492 1434 antequam
520 1351 647 1436 gallus
676 1355 814 1429 cantet,
842 1356 901 1416 ter
926 1372 984 1416 me
1013 1352 1180 1436 negabis.
1214 1350 1296 1417 ³⁵ait

105 1456 206 1522 roilli
233 1458 384 1522 Petrus:
418 1459 571 1523 etiamsi
604 1459 821 1542 oportuerit
848 1478 903 1522 me
934 1459 1029 1523 mori
1061 1464 1196 1536 tecum,
1225 1477 1295 1524 non

144 1567 178 1630 te
203 1565 357 1649 negabo.
382 1565 565 1630 similiter
588 1569 625 1630 et
648 1584 774 1630 omnes
799 1564 983 1649 discipuli
1007 1565 1190 1631 dixerunt.

185 1671 275 1736 Haec
302 1690 403 1754 paene
430 1671 509 1754 ipsis
542 1672 649 1737 uerbis
682 1671 778 1737 etiam
806 1672 935 1737 Marcus
969 1674 1206 1750 commemorat,
1234 1667 1339 1736 nisi?

145 1779 229 1861 qnod
252 1797 314 1844 non
339 1777 537 1861 generaliter,
562 1775 619 1842 sed
643 1777 838 1854 distinctius,
858 1778 1127 1859 quemadmodum
1151 1778 1296 1842 futurum

145 1891 240 1962 esset,
266 1883 422 1967 expressit
445 1883 565 1949 dietum
590 1903 608 1948 a
632 1884 776 1950 domino:
802 1903 906 1948 amen
930 1883 1013 1948 dico
1037 1884 1120 1961 tibi,
1145 1884 1233 1967 qnia
1254 1887 1295 1948 tn

106 1991 257 2057 ulrodie
295 1989 331 2054 in
367 1993 478 2055 nocte
519 1989 598 2069 hac,
636 1991 855 2074 priusquam
896 1991 955 2055 bis
998 1991 1123 2074 gallus
1163 2010 1296 2056 uocem

146 2097 304 2174 dederit,
333 2103 389 2160 ter
417 2117 471 2161 me
500 2115 537 2161 es
567 2099 786 2181 negaturus.
819 2117 892 2163 cum
915 2098 1024 2180 itaque
1053 2117 1162 2163 omnes
1190 2098 1297 2162 dicant

143 2203 337 2286 praedixisse
360 2202 534 2280 dominum,
554 2203 639 2285 quod
663 2223 736 2268 eum
758 2205 875 2269 Petrus
898 2208 984 2269 esset
1007 2208 1191 2288 negaturus,
1211 2207 1296 2268 ante·

145 2329 237 2391 qnam
257 2309 361 2394 gallus
382 2313 532 2388 cantaret,
551 2329 613 2375 non
633 2313 740 2375 autern
760 2329 869 2376 omnes
888 2310 1006 2388 dicant,
1026 2310 1171 2393 quotiens
1190 2312 1295 2398 gallus

145 2421 293 2490 cantaret,
313 2416 441 2482 Marcus
464 2417 524 2481 hoc
549 2418 638 2482 solus
662 2419 804 2483 narrauit
823 2419 1013 2503 expressius.
1033 2418 1117 2484 unde
1135 2419 1295 2483 nonnullis

105 2541 129 2584 ro
144 2523 271 2590 uidetur
285 2543 346 2589 non
362 2543 535 2608 congruere
551 2525 676 2604 ceteris,
692 2525 766 2607 qnia
785 2545 896 2608 parurn
916 2525 1092 2590 adtendunt
1116 2529 1147 2590 et
1160 2525 1296 2590 maxime

145 2649 252 2695 eornm
281 2629 485 2696 obnubilatur
507 2631 652 2710 intentio,
677 2650 750 2696 cum
775 2632 931 2698 aduersus
959 2632 1160 2716 euangelium
1191 2631 1295 2696 animo

144 2737 318 2801 induuntur
344 2736 465 2804 hostili.
494 2740 563 2802 tota
591 2738 674 2802 enim
702 2738 790 2803 Petri
817 2739 944 2824 negatio
972 2740 1056 2804 trina
1083 2738 1210 2823 negatio
1235 2742 1295 2803 est.

144 2842 173 2906 in
201 2841 312 2908 eadem
340 2861 474 2923 namque
502 2843 677 2926 permansit
704 2843 915 2927 trepidatione
943 2845 1040 2909 animi
1069 2845 1296 2928 propositoque

144 2948 309 3026 mendacii,
343 2947 442 3013 donec
476 2949 669 3026 admonitus,
703 2951 780 3033 quid
813 2952 839 3016 ei
873 2951 1070 3034 praedictum
1103 2951 1157 3030 sit,
1190 2970 1295 3016 amaro

108 3075 131 3116 u
146 3053 219 3119 fletu
243 3057 276 3120 et
300 3055 403 3119 cordis
429 3056 534 3121 dolore
559 3061 732 3126 sanaretur.
755 3058 834 3122 haec
857 3062 964 3124 autem
987 3061 1066 3134 tota,
1086 3058 1119 3122 id
1143 3063 1193 3123 est
1214 3060 1295 3122 trina

146 3161 279 3245 negatio,
300 3162 327 3226 si
346 3167 420 3244 post
437 3163 576 3246 primum
600 3165 677 3248 galli
702 3167 830 3230 cantum
854 3165 1017 3248 inciperet,
1036 3166 1154 3231 falsum
1179 3165 1295 3230 dixisse

229 3371 246 3424 3
266 3369 300 3424 ci.
319 3369 402 3426 Marc.
423 3370 465 3432 14,
485 3371 592 3426 26-28
629 3371 756 3432 onaan.
771 3373 816 3437 26,
836 3372 955 3434 33-35;
976 3371 1010 3427 ci.
1030 3373 1088 3428 Ich.
1111 3373 1152 3440 13,
1173 3373 1293 3434 :ta-3&

146 3456 204 3512 Luc.
224 3459 268 3522 22,
288 3457 397 3512 31-34
454 3459 486 3512 12
507 3458 540 3513 ci.
560 3459 642 3514 Marc.
665 3459 705 3527 14,
725 3459 830 3513 29—31
889 3460 923 3512 14
942 3460 1039 3514 *Marc
1060 3461 1102 3524 14,
1122 3459 1157 3515 30

180 3581 191 3633 l
212 3581 405 3650 dispargentur
423 3583 450 3636 Β
470 3585 552 3647 (ποτε,
570 3599 664 3636 uerna
684 3589 758 3636 cant.
778 3583 846 3636 clar.
866 3583 937 3637 bria.
957 3585 1063 3640 Amiat.
1081 3583 1141 3640 Tol.
1157 3585 1218 3650 ct),
1238 3585 1295 3637 dis·

146 3673 288 3739 pergentur
311 3675 369 3729 cet..
388 3669 492 3735 edd.,v
583 3671 758 3725 3inmarcne
778 3671 817 3723 B¹
927 3674 973 3740 qui
994 3672 1044 3726 ΟΡ
1060 3671 1187 3726 ΗΑΕΙΙ,
1204 3673 1295 3741 pact

145 3755 224 3810 habet
242 3756 369 3812 Ham
384 3759 475 3828 puel
547 3761 711 3814 seutentiam
731 3757 857 3814 Ham
874 3762 963 3830 poet
1054 3764 1071 3815 4
1090 3761 1218 3814 similiter
1238 3761 1294 3824 GP,

145 3845 257 3900 similem
274 3845 344 3900 B²R
362 3846 488 3903 HAEOE
505 3851 595 3918 pact
641 3851 906 3920 ipraerumtionem
924 3849 964 3904 Β1
1037 3852 1076 3920 et]
1097 3868 1128 3903 er
1147 3851 1173 3902 B
1217 3851 1295 3903 tire·

145 3934 254 4002 spondit
271 3935 313 3989 13²
384 3937 498 3990 Samen
519 3937 561 3992 bae
579 3937 619 3990 B²
703 3939 756 3992 hoc
775 3938 815 3992 Βι
889 3941 919 3993 ll
943 3939 1070 4009 discipuli
1088 3956 1140 3993 om.
1163 3939 1193 4009 Q,
1214 3940 1295 3992 istir

148 4022 177 4074 12
195 4040 264 4093 pane
282 4025 323 4078 Βι
375 4026 407 4080 13
427 4026 490 4096 fut]
512 4029 632 4080 cattinum
647 4028 685 4080 Βι
743 4029 776 4083 16
794 4033 944 4098 negaturus
964 4045 992 4081 es
1009 4029 1147 4097 CPr(cs.
1164 4031 1297 4094 276‚12‚·

38 4125 40 4128 ·
148 4113 260 4180 278,7)
324 4113 356 4167 21
378 4116 448 4184 cum]
470 4114 532 4169 dnm
552 4116 646 4186 MQr
704 4117 738 4169 22
758 4117 925 4170 inducuntur
943 4117 1057 4170 HAEL
1120 4118 1155 4170 23
1174 4116 1295 4186 trepida-

40 4267 42 4280 ι
146 4199 243 4256 tionem
262 4202 297 4266 B,
316 4203 464 4273 negatione
485 4208 541 4270 (ne
564 4205 595 4275 Q)
616 4205 676 4275 ΜΩ
730 4208 765 4259 25
785 4206 897 4262 fletoR

1209 4311 1259 4364 18*
