3100 4967
260 294 324 358 388
618 294 644 346 S.
672 291 810 347 Aureli
838 293 1056 363 Augustini

258 488 338 566 dies,
367 493 538 573 antequam
562 490 699 556 Thomas
723 510 797 555 eum
822 489 977 567 uidisset,
994 489 1032 554 ab
1056 488 1203 553 undecim
1228 489 1409 572 quibusque

258 596 426 679 discipulis
450 596 615 662 dominum
643 597 762 674 uisum,
791 616 852 661 non
881 598 941 662 erit
968 596 1028 661 hoc
1057 596 1095 661 ad
1123 614 1209 661 mare
1233 596 1410 661 Tiberiadis

256 702 352 767 tertio
376 702 616 767 manifestatum
642 721 723 779 esse,
748 701 805 766 sed
825 704 946 784 quarto,
971 701 1054 785 quod
1080 702 1206 783 quidam
1231 701 1410 766 cauendum

258 814 317 889 esf,
341 826 380 875 ne
404 809 475 891 quis
500 808 661 874 existimet
683 807 779 873 tertio
802 809 974 873 Iohannem
1000 807 1127 886 dixisse,
1155 812 1321 891 tamquam
1346 813 1410 873 tres

257 917 344 981 solae
363 916 465 981 factae
483 915 602 980 fuerint
618 914 892 980 manifestationes
916 914 999 989 eius;
1020 913 1077 979 sed
1096 914 1156 979 hoo
1174 913 1410 999 intellegendus
1438 936 1449 973 a

258 1030 309 1087 est
330 1021 370 1086 ad
393 1040 558 1087 numerum
584 1021 706 1087 dierum
729 1021 906 1099 rettulisse,
931 1040 992 1085 non
1014 1020 1054 1085 ad
1078 1038 1243 1085 numerum
1269 1020 1411 1103 ipsarum

257 1127 551 1193 manifestationum
575 1146 633 1192 uec
656 1128 881 1192 continuorum
905 1126 1040 1204 dierum,
1073 1126 1128 1191 sed
1151 1146 1208 1209 per
1229 1126 1409 1201 interualla,

260 1236 344 1301 siout
371 1235 456 1300 idem
483 1235 553 1316 ipse
581 1237 729 1300 testatur.
759 1252 833 1297 nam
860 1233 964 1316 primo
992 1234 1063 1315 ipso
1088 1232 1139 1298 die
1168 1234 1410 1299 resurrectionis

259 1361 345 1419 suae,
366 1345 496 1423 excepto
517 1341 601 1424 quod
620 1360 638 1405 a
656 1341 846 1406 mulieribus
861 1339 953 1405 uisus
975 1342 1033 1417 est,
1053 1340 1086 1404 id
1102 1340 1250 1423 estquod
1266 1340 1299 1404 in
1316 1360 1407 1405 euan-

258 1448 343 1533 gelio
367 1448 475 1526 claret,
500 1451 549 1512 ter
572 1466 606 1511 se
632 1447 861 1525 manifestuum,
887 1447 985 1511 semel
1009 1446 1113 1526 Petro,
1138 1447 1253 1511 iterum
1283 1447 1408 1512 duobus
1426 1472 1449 1512 ιο

256 1555 333 1633 illie,
348 1574 482 1637 quorum
502 1559 569 1619 erat
586 1574 669 1619 unus
685 1553 830 1637 cleopas,
845 1554 940 1618 tertio
960 1554 1107 1637 plurimis
1126 1553 1189 1618 iam
1209 1553 1282 1618 inde
1303 1557 1408 1619 conlo·

259 1662 429 1744 quentibus
453 1662 556 1727 noctis
583 1660 719 1738 exordio,
749 1660 806 1726 sed
833 1661 894 1724 boc
922 1662 1027 1724 totum
1050 1660 1206 1725 Iohannes
1236 1660 1275 1725 ad
1309 1681 1406 1725 unum

259 1767 343 1833 diem
360 1769 498 1832 referens
523 1767 622 1832 semel
646 1770 813 1851 conputat,
833 1767 948 1831 iterum
969 1770 1086 1844 autem,
1106 1766 1166 1831 boc
1186 1770 1237 1831 est
1261 1766 1323 1831 alio
1349 1768 1406 1844 die,

260 1875 384 1958 quando
409 1894 481 1939 eum
501 1873 585 1938 uidit
603 1878 636 1939 et
654 1874 807 1949 'lbomes3
832 1874 926 1938 tertio
951 1892 1026 1939 uero
1052 1872 1091 1937 ad
1114 1892 1199 1937 mare
1223 1872 1407 1953 Tiberiadis,

259 1983 320 2047 boc
335 1983 384 2045 est
397 1982 492 2046 tertio
512 1980 563 2045 die
578 1980 845 2045 manifestationis
861 1981 938 2057 eius,
953 1999 1014 2045 non
1030 1979 1124 2044 tertia
1141 1980 1408 2045 manifestatione.
1426 2004 1449 2045 rr

260 2108 296 2153 ac
314 2108 371 2171 per
394 2089 454 2152 boo
478 2089 652 2171 posthaec
676 2087 782 2152 omnia
807 2087 952 2171 cogimur
973 2087 1158 2171 intellegere
1180 2086 1303 2153 factum
1327 2106 1407 2155 esse.

261 2195 345 2278 quod
369 2214 440 2259 eum
469 2194 501 2258 in
529 2197 637 2258 monte
665 2192 827 2258 Galilaeae
852 2192 1024 2259 seeundum
1053 2193 1231 2259 Mattheum
1262 2194 1407 2258 undecim

261 2301 409 2384 discipuli
424 2300 582 2379 uiderunt,
603 2320 665 2383 quo
685 2318 739 2364 eos
759 2300 934 2365 secundum
954 2299 1165 2364 constitutum
1183 2304 1407 2383 praecesserat,

259 2412 297 2471 ut
323 2409 498 2491 inpleretur
525 2407 620 2472 etiam
648 2407 687 2471 ad
715 2406 856 2472 litteram
886 2406 969 2488 quod
994 2409 1027 2470 et
1049 2425 1105 2488 pei·
1128 2406 1277 2491 angelum
1302 2410 1333 2471 et
1355 2426 1409 2489 per

262 2534 296 2579 se
320 2515 426 2598 ipsum
449 2514 655 2596 praedixerat.
1426 2538 1450 2577 ro

195 2621 237 2685 83
306 2621 491 2686 Inuenimue
505 2619 613 2703 itaque
632 2622 710 2701 aput
728 2622 879 2702 quattuor
893 2620 1106 2703 euangelistae
1127 2619 1254 2685 deciens
1274 2640 1407 2686 comme·

260 2730 419 2793 moratum
448 2726 610 2790 dominum
639 2726 746 2789 uisum
775 2744 845 2789 esse
875 2724 914 2789 ab
942 2724 1124 2790 hominibus
1153 2731 1228 2807 post
1256 2746 1408 2791 resurree-

259 2833 395 2897 tionem:
432 2831 531 2897 semel
569 2832 606 2895 ad
645 2834 886 2895 monumentum
917 2831 1115 2907 mulieribus,
1144 2832 1260 2897 iterum
1290 2831 1408 2897 eisdem

259 2939 513 3023 regredientibus
542 2958 560 3002 a
587 2942 793 3002 monumento
822 2938 853 3001 in
881 2938 1004 3015 itinere,
1035 2939 1129 3002 tertio
1158 2938 1264 3017 Petro,
1298 2922 1407 3021 quarto

261 3044 384 3109 duobus
409 3044 558 3110 euntibus
581 3044 613 3108 in
637 3043 817 3121 castellum,
847 3042 956 3125 quinto
980 3044 1127 3126 pluribus
1150 3045 1183 3108 in
1207 3044 1407 3109 Hiemsalem
1426 3070 1449 3109 e

350 3203 384 3256 23
404 3202 436 3257 cf.
456 3202 513 3257 Iob.
535 3202 578 3269 20,
598 3203 716 3267 14-18;
737 3202 771 3256 cf.
791 3201 873 3257 Maro.
895 3203 937 3263 16,
958 3202 1044 3257 9-11
1160 3202 1193 3255 cf.
1212 3202 1311 3256 blattb.
1331 3202 1375 3271 28,
1394 3201 1408 3254 9

263 3295 291 3345 et
310 3292 355 3358 103
377 3291 409 3345 cf.
429 3291 494 3368 Luq.
514 3292 558 3361 24,
577 3291 663 3345 9-11
739 3291 774 3344 24
795 3290 827 3344 cf.
847 3289 911 3347 Luc.
931 3292 975 3355 24,
995 3292 1031 3345 34
1104 3290 1136 3346 ci.
1156 3290 1221 3345 Luc.
1242 3292 1284 3355 24,
1307 3292 1408 3345 15-33

262 3380 296 3435 25
316 3380 349 3435 cf.
369 3380 427 3435 Iob.
447 3382 490 3445 20,
511 3381 629 3445 19-24;
650 3379 683 3436 cf.
703 3380 767 3435 Luc.
788 3381 831 3439 24.
851 3381 957 3435 36-43

298 3488 394 3541 lenm
412 3487 520 3542 thomas
540 3487 597 3543 RD
646 3488 819 3543 4iohannen
837 3486 886 3540 ΟΡ
933 3487 1029 3541 boola
1046 3486 1135 3541 factae
1154 3487 1190 3555 B,
1210 3486 1262 3543 suli
1280 3486 1347 3541 facti
1364 3486 1410 3540 ΟΡ
1529 3490 1530 3549 l

261 3577 352 3647 best]
373 3576 439 3630 odd.
458 3577 589 3631 iohannes
612 3576 639 3628 V
653 3595 670 3648 9
707 3576 973 3630 lmauifestationis
992 3574 1031 3629 B¹
1087 3592 1134 3645 per
1152 3592 1204 3629 om.
1223 3574 1261 3628 B¹
1304 3574 1407 3629 Sidem

261 3682 312 3720 om.
331 3664 426 3734 RDp
510 3666 543 3720 10
562 3666 648 3720 claret
665 3665 717 3736 ter]
737 3665 847 3719 clariter
865 3664 986 3733 BRDp
1074 3666 1104 3717 11
1126 3680 1195 3718 unus
1215 3666 1274 3717 erat
1291 3682 1332 3734 χω
1351 3662 1407 3717 edd.

257 3762 433 3825 praeterque
489 3754 521 3808 13
541 3754 569 3808 in
589 3755 642 3808 alio
664 3754 697 3807 0ι
754 3755 787 3808 14
807 3754 872 3807 bero
891 3754 917 3807 B
975 3755 1006 3807 17
1026 3752 1152 3808 undecim
1171 3752 1299 3823 discipuli
1316 3752 1406 3815 BRD,

262 3842 389 3914 discipuli
409 3844 534 3899 undecim
554 3851 612 3911 oet,
630 3844 690 3899 edd.
768 3844 801 3898 21
822 3844 989 3915 inuenimus]
1009 3844 1107 3913 incepit
1125 3842 1199 3912 Eece.
1219 3842 1289 3897 Exc.
1307 3858 1407 3897 nostum

261 3931 296 3984 22
315 3933 480 4002 bominibus]
502 3933 625 3987 omnibus
643 3932 781 3986 H¹AE¹L
863 3932 897 3986 23
916 3932 1285 3987 mulieribus-monumento
1303 3948 1352 3987 om.
1372 3929 1407 3981 13l

261 4023 379 4094 mulier]
399 4040 416 4077 a
433 4040 468 4076 m.
485 4040 506 4090 p
561 4022 596 4075 24
615 4022 822 4091 egredientibus
840 4022 870 4075 D
888 4022 969 4091 (an.
994 4020 1056 4075 Vol.
1076 4019 1219 4087 Medium.)
1291 4022 1328 4074 im
1346 4024 1408 4087 (pro

262 4111 348 4181 ·1111·)
368 4115 464 4182 quarto
483 4112 510 4167 B
605 4113 639 4165 25
658 4112 685 4165 in
706 4112 821 4166 castello
840 4109 965 4165 HAE¹L
1079 4112 1120 4161 ·V·
1141 4110 1238 4180 quinto
1256 4106 1406 4164 eimedi·

262 4204 337 4255 serto
357 4203 384 4254 B
