3100 4967
325 283 366 330 dc
395 295 494 332 cons¹
523 295 617 332 euan
630 298 656 349 g.
679 279 726 333 lib.
746 281 797 334 111.
817 298 874 349 esp.
893 281 1098 335 xxxx-xxm
1220 287 1284 348 343

139 473 244 538 lesus
265 493 357 539 uoce
377 493 510 559 magns
529 477 598 540 ait:
619 479 736 558 pater,
761 477 796 540 in
817 495 945 540 manus
965 482 1049 540 tuas
1070 478 1284 542 commendo

140 580 318 661 spiritum
338 601 468 658 meum,
489 581 633 646 ethaeo
654 582 782 646 dicens
802 582 999 665 expirauit.
1024 583 1178 646 Iohannes
1197 602 1284 659 uero,

138 687 222 750 siout
244 687 347 752 tacuit
369 686 455 750 illam
483 705 592 752 uooern
619 688 751 770 primam
776 688 866 764 heli,
891 688 978 764 heli,
1003 709 1098 770 quam
1121 689 1284 754 Mattheus

138 799 168 856 et
190 793 319 858 llsrous
343 795 545 872 rettulerunt,
570 794 671 857 tacuit
695 793 791 857 etiarn
814 794 921 876 istam,
952 814 1047 875 quam
1071 795 1172 858 Lucas
1197 796 1284 860 solus

107 899 300 976 :indicauit
324 901 371 963 illi
391 903 497 964 sutem
518 901 580 965 duo
600 900 725 964 nomine
745 900 835 966 uocis
859 920 992 982 magnae
1016 900 1284 984 significsuerunt.

138 1006 255 1070 idest:
275 1011 391 1090 pater,
411 1007 447 1070 in
468 1011 700 1071 manustuas
721 1007 936 1072 commendo
957 1008 1132 1090 spiritum
1155 1027 1285 1083 rusum,

139 1114 220 1192 quod
241 1133 311 1176 eum
333 1132 411 1177 uoce
430 1132 546 1197 magna
567 1112 682 1178 dixisse
697 1125 729 1176 et
743 1115 812 1195 ipse
826 1114 930 1178 Lucas
944 1114 1093 1178 similiter
1106 1114 1285 1180 adtestatus

137 1224 195 1294 est,
211 1224 249 1283 ut
261 1220 518 1304 intellegeremus
535 1220 615 1282 hano
626 1219 849 1283 fuissenocem
859 1239 1004 1303 magnam
1016 1239 1110 1301 quam
1120 1220 1285 1286 Mattheus

138 1339 166 1388 et
186 1325 314 1389 Marcus
335 1329 672 1390 commemorauerunt.
696 1325 750 1389 sed
776 1325 854 1390 dixit
876 1325 1043 1404 Iohannes,
1068 1326 1153 1408 quod
1176 1327 1284 1392 nullus

14 1416 15 1421 ἵ
102 1460 121 1494 ιο
137 1432 262 1496 illorum
283 1432 388 1506 trium,
409 1451 480 1496 eum
502 1431 634 1496 dixisse:
659 1439 958 1495 consummatum
978 1436 1045 1501 est,
1066 1451 1139 1496 cum
1158 1437 1284 1497 acetum

137 1539 320 1620 accepisset,
359 1537 443 1620 quod
480 1557 551 1602 eum
590 1543 660 1602 ante
697 1538 800 1619 ipsam
840 1556 951 1601 uocem
985 1557 1130 1622 magnam
1169 1538 1284 1603 dixisse

137 1645 363 1728 intellegimus.
400 1644 478 1708 haec
516 1649 590 1708 sunt
627 1645 709 1708 enim
747 1645 845 1708 uerba
876 1645 1040 1710 Iohannis:
1078 1665 1167 1726 cum,
1197 1665 1283 1729 ergo

136 1751 351 1833 accepisset
374 1752 481 1816 lesus
507 1755 663 1826 acetum,
692 1750 802 1815 dixit:
834 1755 1131 1816 consummatum
1156 1757 1223 1829 est,
1248 1754 1285 1816 et

136 1856 319 1922 inclinato
350 1859 473 1938 capite
497 1858 657 1922 tradidit
682 1859 869 1940 spiritum.
898 1858 979 1921 inter
1005 1858 1087 1923 illud
1116 1857 1201 1941 quod
1224 1859 1283 1921 ait:

108 1971 434 2028 :consummatum
460 1969 527 2042 est,
554 1967 586 2028 et
603 1964 684 2028 illud
704 1964 788 2046 quod
808 1965 866 2030 ait:
892 1968 926 2027 et
949 1965 1134 2029 inclinato
1160 1966 1284 2048 capite

136 2069 299 2134 tradidit
323 2070 514 2152 spiritum,
540 2070 657 2134 emissa
681 2074 731 2134 est
753 2069 810 2133 illa
832 2088 893 2133 uox
916 2089 1039 2152 magna,
1065 2090 1160 2151 quam
1182 2072 1285 2135 tacuit

134 2177 206 2253 iste,
237 2177 332 2240 ceteri
362 2181 468 2240 sutem
495 2181 560 2242 tres
590 2180 927 2240 commemorarerunt.
956 2177 1016 2241 hoc
1044 2177 1128 2241 enim
1156 2184 1286 2261 apparet

137 2303 206 2348 esse
230 2283 359 2348 ordinis.
385 2287 515 2347 utente
541 2283 672 2347 diecret:
706 2287 1004 2346 consummatum
1029 2287 1096 2360 est,
1121 2303 1193 2348 cum
1217 2303 1285 2368 per-

135 2391 254 2454 feetum
268 2391 299 2454 in
315 2391 371 2454 illo
392 2395 477 2454 esset
496 2389 581 2472 quod
601 2389 638 2452 de
658 2389 713 2452 illo
733 2390 956 2472 prophetatum
974 2396 1051 2467 erat,
1072 2395 1105 2453 et
1122 2395 1285 2472 tamquam

14 2495 15 2526 ¹
106 2525 117 2556 r.
134 2497 173 2560 ad
201 2497 262 2560 hoc
292 2501 470 2578 expectaret
498 2496 552 2578 qui
580 2496 701 2577 utique„
731 2515 803 2560 cum
827 2495 936 2573 uellet,
964 2499 1147 2573 moreretur,
1173 2495 1285 2560 deinde

135 2603 359 2666 commendans
396 2602 528 2668 tradidit
564 2601 722 2685 spiritum.
761 2601 816 2666 sed
855 2602 970 2683 quouis
1008 2602 1115 2666 ordine
1152 2603 1286 2685 quilibet

133 2711 306 2774 arbitretur
333 2709 395 2774 dici
422 2709 576 2791 potuisse,
604 2708 664 2772 hoo
692 2727 807 2792 magno
837 2727 930 2792 opere
958 2708 1133 2772 cauendum
1163 2712 1221 2786 est,
1246 2729 1285 2772 ne

134 2820 185 2882 cui
210 2818 357 2881 uideatur
381 2817 548 2898 quisquam
573 2815 842 2898 euangelistsrum
866 2815 958 2878 alteri
976 2834 1161 2898 repugnare,
1186 2814 1213 2878 si
1232 2818 1285 2880 uel

132 2925 236 2989 tacuit
262 2923 346 3004 quod
371 2923 452 2988 alius
478 2922 555 2986 dixit
579 2927 634 2985 aut
658 2921 736 2986 dixit
760 2921 844 3004 quod
868 2922 950 2986 alius
973 2922 1083 2986 tacuit.

225 3097 335 3150 1210h.
356 3097 398 3162 1o,
418 3097 452 3148 so

170 3209 182 3260 1
205 3206 279 3258 iesus
300 3221 364 3257 uoce
384 3221 484 3274 magne
501 3203 595 3265 BRD,
620 3219 687 3255 uoce
707 3219 807 3272 magna
825 3202 898 3254 iesus
922 3206 978 3259 oet..
998 3199 1066 3261 edd,
1085 3215 1101 3250 o
1121 3199 1146 3264 (ὁ
1166 3212 1189 3261 ἰς
1208 3205 1282 3268 φωνῇ

130 3292 234 3364 μεγάλῃ
256 3293 314 3346 cod.
334 3293 432 3360 Epir.)
469 3293 597 3362 tiquam]
619 3307 678 3343 oum
691 3289 730 3342 B¹
766 3290 995 3358 ⁴lrcttullelrunt
1014 3289 1282 3356 (sol.155',noueru

129 3397 230 3436 uersata
250 3382 339 3450 prinei
357 3397 435 3450 aeyre
455 3381 590 3450 loquutur)
612 3381 638 3433 B
747 3381 821 3433 solus
845 3379 919 3432 loeas
937 3376 1031 3445 RDp
1139 3376 1212 3428 solus
1231 3389 1282 3426 om.

129 3470 260 3525 HAEOE
350 3469 529 3539 dindieauit]
550 3470 771 3522 commemorauit
790 3468 877 3522 rael
961 3466 1081 3534 nomine]
1103 3464 1168 3518 add.
1188 3481 1236 3516 suo
1255 3462 1284 3515 R

130 3558 386 3628 lmagnsedixisse
409 3556 470 3611 0¹1³
542 3558 679 3625 similiter]
701 3557 819 3610 etiamr
867 3557 996 3609 8uocem
1016 3572 1068 3608 om.
1088 3553 1127 3605 B¹
1176 3553 1284 3605 9eom·

128 3647 353 3702 memoraberunt
371 3647 397 3698 B
484 3645 552 3699 dicit
570 3645 599 3698 D
619 3645 681 3699 ael
751 3645 783 3698 lO
802 3644 921 3711 illorum]
943 3659 1034 3696 eorum
1053 3641 1111 3695 RD
1186 3639 1280 3707 trium]

128 3737 199 3792 odd.
221 3736 262 3788 sit
281 3735 395 3789 HAEL
413 3753 428 3804 γ
445 3753 470 3804 9,
490 3734 555 3788 ado.
575 3733 642 3786 dicit
661 3750 728 3786 rae
836 3731 947 3800 dixisse]
968 3730 1034 3783 odd.
1055 3733 1247 3782 commemorat
1261 3744 1284 3794 p

130 3829 163 3880 13
195 3831 226 3878 et
254 3841 306 3880 om.
333 3824 381 3877 ΟΡ
477 3825 509 3876 14
537 3823 623 3876 tradit
655 3821 687 3874 0¹
790 3823 821 3876 16
850 3821 934 3873 misso
959 3819 1008 3873 GP
1116 3821 1157 3871 est
1180 3832 1231 3870 oro.
1255 3815 1283 3869 R

127 3933 233 3984 magns
252 3929 304 3968 om.
324 3912 362 3965 B¹
437 3914 468 3966 17
489 3913 556 3965 steri
575 3911 601 3963 B
675 3909 955 3964 oomnrcmorsberunt
973 3909 1000 3961 B
1074 3907 1106 3960 18
1125 3906 1195 3974 eruin]
1217 3921 1282 3973 quo·

127 4006 203 4058 iriam
221 4021 242 4072 p
307 4003 342 4057 20
362 4000 502 4060 adhucB.
523 4001 556 4054 sd
575 4001 660 4054 lrecr
732 4000 876 4052 moriretur
894 3997 968 4066 11¹9
1030 3998 1064 4049 22
1084 4012 1182 4064 magno
1202 4010 1282 4062 opere

125 4096 164 4154 Β,
184 4107 354 4162 magnopere
373 4095 430 4152 oet,
450 4089 509 4146 eod.
565 4091 599 4142 23
620 4089 662 4142 cui
682 4104 733 4142 om.
753 4087 880 4142 HAE¹L
896 4105 914 4156 9
968 4086 1077 4138 uidetur
1098 4082 1131 4136 0¹
1185 4083 1220 4135 24
1235 4088 1283 4134 sut

126 4181 243 4251 BROQ
261 4179 375 4232 HAEL
393 4197 408 4248 γ
424 4179 496 4246 pel,
516 4178 560 4232 uel
579 4184 635 4240 oet..
655 4177 714 4230 edd.
