3100 4967
277 296 352 361 VIII
745 296 960 353 Praelatio.

276 492 538 575 pbilosophorum
550 490 740 559 Graecorum
753 493 814 577 (ed.
824 492 982 579 Mullach)
998 496 1156 561 eiusmodi
1171 496 1295 563 dictum
1310 501 1428 565 frustra

277 599 474 680 quaesiueris
498 617 555 663 nec
584 600 689 664 omnia
711 619 792 682 quae
820 604 992 683 supersunt
1014 602 1111 667 huius
1133 603 1318 689 philosophi
1341 607 1427 671 dicta

276 705 361 791 (sapt
389 706 464 791 ὕλης
485 706 517 769 in
543 706 610 771 cod.
636 706 861 793 Escorialensi)
885 708 916 770 iu
939 708 1106 789 publicum
1128 710 1315 791 prodierunt
1334 711 1428 796 (The-

277 813 381 898 dinga‚
405 813 624 879 DeNumenio
648 812 839 897 philosopho
863 814 1039 895 Platonico,
1063 817 1192 882 Bonuae
1217 817 1327 901 1875).
1344 820 1429 884 inter

276 920 512 986 ecclesiasticos
537 919 707 1001 scriptores
736 920 874 984 similem
901 940 968 985 reru
996 924 1191 987 tractauerat
1222 924 1426 990 Eusebius

276 1025 490 1092 Caesariensis
519 1026 689 1107 episcopus
723 1026 871 1109 operibus
898 1026 977 1105 illis,
1011 1046 1091 1109 qnae
1124 1032 1200 1093 sunt
1226 1028 1426 1116 Εὐαγγελικὴ

275 1132 522 1219 προπαρασκευὴ
543 1132 792 1218 υ1Εὐαγγελικὴ
811 1132 974 1217 &aridatha
989 1137 1022 1199 et
1039 1135 1239 1200 Iohannes
1260 1135 1426 1219 Chryso·

277 1244 433 1304 stomus
449 1240 614 1321 opusculo,
625 1240 708 1319 quod
723 1240 910 1303 inscribitur
923 1238 1008 1324 Πρὸς
1021 1238 1191 1317 Ἰουδαίους
1204 1244 1257 1305 καὶ
1270 1240 1427 1328 Ἕλληνας

275 1345 429 1423 ἀπόδειξις
452 1348 499 1409 ὅτι
521 1347 586 1409 ἐστὶ
609 1348 686 1423 θεὸς
709 1348 726 1409 ὁ
750 1346 894 1430 Χριστός.

321 1454 428 1517 Altera
452 1472 522 1535 pars
543 1452 638 1517 huius
658 1452 762 1535 operis
782 1453 881 1518 libros
900 1453 1087 1519 secundum.
1111 1455 1251 1532 tertium,
1278 1460 1425 1537 quartum

275 1560 508 1643 complectitur.
528 1578 653 1624 ornnem
668 1559 833 1623 materiam
848 1560 961 1624 horum
974 1558 1139 1639 librorum,
1159 1561 1275 1643 quibus
1290 1580 1425 1645 euange-

274 1667 366 1731 listas
389 1667 472 1731 inter
494 1685 529 1731 sc
552 1685 726 1748 numquam
750 1666 919 1731 dissentire
944 1666 1084 1732 ostendit
1100 1667 1313 1751 Augustinus,
1333 1688 1425 1751 quae·

273 1773 434 1839 stionibus
453 1776 579 1837 centum
599 1772 778 1855 quindecim
799 1771 949 1839 absoluit.
965 1792 1098 1853 quarum
1114 1778 1317 1856 conspectum
1333 1774 1426 1840 libra-

274 1882 340 1945 rius
366 1880 495 1963 quidam
524 1880 654 1945 barbaro
684 1899 827 1944 sermone
857 1900 936 1945 usus
965 1881 1026 1944 iaru
1056 1880 1166 1962 quinto
1191 1883 1318 1946 saeculo
1343 1901 1426 1947 com-

274 1988 383 2071 posuit
407 1990 438 2051 et
462 1985 600 2051 secundo
625 1987 705 2051 libro
730 1987 907 2069 praemisit,
935 1988 1056 2051 utiam
1080 1988 1260 2071 Eugippius
1285 1989 1424 2071 capitum

273 2096 424 2159 lemmata
447 2093 519 2158 inde
543 2094 745 2177 decerpserit.
769 2094 851 2159 libro
872 2098 979 2159 autem
999 2094 1138 2159 secundo
1157 2094 1314 2159 Matthaei
1333 2114 1426 2160 euan-

272 2202 392 2285 gelium
417 2220 518 2281 usque
544 2199 583 2265 ad
605 2201 825 2284 perpessiones
850 2200 970 2265 domini
992 2200 1211 2265 consideratur
1236 2205 1364 2266 etcum
1389 2221 1425 2266 eo

272 2307 411 2386 Marcus,
444 2307 558 2385 Lucas,
591 2308 748 2373 Iohannes
782 2306 929 2391 deinceps
963 2308 1180 2383 conferuntur;
1218 2308 1297 2373 libro
1329 2308 1424 2372 tertio

273 2433 447 2479 consensus
470 2413 626 2478 Matthaei
657 2433 729 2477 cum
754 2414 866 2478 ceteris
892 2434 910 2477 a
934 2433 1027 2478 cenae
1055 2414 1230 2478 narratione
1258 2414 1425 2495 usquead

272 2518 366 2584 finem
396 2520 553 2606 euangelii
583 2520 774 2597 ostenditur3
803 2520 883 2584 libro
914 2522 1025 2603 quarto
1050 2518 1089 2583 de
1116 2521 1210 2585 rebus
1234 2520 1281 2586 eis
1309 2522 1423 2605 agitur,

272 2646 352 2710 quae
383 2629 459 2691 sunt
486 2626 603 2701 Marco,
637 2626 751 2705 Lucae,
780 2626 913 2691 Iohanni
942 2626 1127 2709 peculiares.
1161 2644 1197 2690 ao
1227 2627 1290 2690 iam
1323 2630 1425 2706 antea,

271 2754 343 2798 curn
370 2732 566 2815 Theophilus
594 2732 820 2811 Antiochenus,
848 2732 1011 2812 Tatianus‚
1038 2732 1228 2797 Ammonius
1255 2733 1351 2798 huius
1377 2734 1425 2797 rei

271 2839 512 2904 fundamentum
528 2839 686 2921 quoddam
700 2839 862 2917 iecissent,
876 2838 1081 2904 Eusebius
1097 2840 1311 2905 Caesariensis
1331 2858 1424 2921 quae-

272 2946 412 3010 stionum
446 2946 700 3029 euangelicarum
725 2946 853 3023 librum,
888 2947 943 3029 qui
975 2945 1159 3010 inscribitur
1190 2944 1267 3030 Περὶ
1298 2955 1359 3010 τῶν
1391 2947 1425 3010 ἐν

271 3052 464 3137 εὐαγγελίοις
501 3054 682 3137 ζητημάτων
719 3054 772 3115 καὶ
809 3052 938 3130 λύσεων,
975 3052 1111 3117 confecit
1147 3056 1180 3117 et
1221 3054 1422 3118 Iohannes

271 3160 590 3243 Chrysostomus
629 3178 709 3224 anno
752 3159 817 3225 fare
856 3162 921 3226 390
958 3160 1116 3225 Homilias
1153 3159 1184 3223 in
1222 3160 1424 3227 Matthaeum

271 3267 442 3351 nonaginta
464 3267 651 3332 Antiochiae
674 3268 797 3344 habuit,
818 3268 934 3350 quibus
959 3266 1166 3331 difficultates
1190 3270 1223 3331 et
1246 3266 1425 3349 discrepan-

270 3374 332 3438 tias
352 3374 509 3439 dissoluit.
531 3374 586 3438 sed
600 3374 802 3458 Augustinus
820 3378 947 3457 patrum
967 3373 1094 3437 illorum
1111 3372 1302 3438 Graecorum
1319 3394 1424 3455 opera,

271 3499 352 3562 quae
375 3480 448 3546 iude
477 3480 515 3544 ab
541 3500 619 3545 anno
648 3482 714 3545 tlt
744 3480 872 3564 saepius
895 3480 1006 3544 laudat
1033 3480 1085 3565 (de
1109 3484 1172 3545 nat.
1202 3485 1234 3543 et
1261 3485 1341 3564 grat.
1367 3482 1421 3554 64,

272 3590 330 3664 76;
357 3607 382 3651 c.
407 3587 521 3652 Iulian.
554 3590 582 3664 l,
608 3588 637 3663 6,
664 3589 721 3666 21;
747 3590 803 3663 243
830 3591 885 3665 263
916 3590 947 3665 6,
973 3589 1025 3665 22,
1050 3590 1107 3664 693
1138 3607 1188 3670 op.
1212 3588 1288 3668 imp.
1314 3607 1340 3654 c.
1364 3587 1425 3651 Iul.

271 3696 302 3774 6,
328 3696 362 3771 73
388 3694 421 3778 9)
447 3693 639 3758 testimoniis
664 3693 785 3758 Graeco
815 3713 960 3759 sermone
984 3694 1110 3770 adlatis,
1139 3694 1192 3757 uir
1214 3692 1278 3757 illis
1301 3697 1425 3776 tempo·

270 3802 359 3866 ribus
380 3802 418 3866 de
439 3801 570 3866 consilio
589 3802 736 3866 imitatus
753 3805 810 3866 est.
829 3803 927 3865 immo
942 3801 1113 3884 reputanti,
1133 3804 1286 3883 quantum
1306 3800 1425 3865 laboris

270 3908 301 3971 in
328 3906 564 3973 conscribendis
588 3908 638 3970 his
661 3907 752 3971 libris
778 3906 1014 3990 consumpsisse
1043 3926 1076 3971 se
1101 3906 1223 3984 dixerit,
1246 3911 1422 3987 utcumque

270 4014 406 4079 aliorum
427 4014 575 4098 uestigiis
594 4013 746 4078 insistens
772 4034 817 4090 ea,
838 4034 918 4095 quae
941 4014 973 4077 in
994 4014 1053 4077 hac
1072 4013 1287 4096 disputatione
1309 4030 1421 4095 propo-

271 4120 383 4199 suerit,
407 4122 481 4204 ipse
507 4120 704 4204 excogitasse
728 4120 864 4186 uidetur.
888 4140 959 4184 uam
988 4121 1048 4185 snb
1070 4140 1186 4184 aunum
1210 4120 1275 4183 416
1298 4118 1330 4182 in
1354 4119 1424 4183 Ich.

269 4246 320 4291 eu.
356 4230 446 4291 tract.
487 4228 559 4305 112,
601 4228 616 4290 l
657 4227 817 4307 utromodo,
850 4227 964 4309 inquit,
1001 4233 1106 4291 cratem
1141 4226 1226 4289 iader
1256 4245 1289 4290 sc
1316 4244 1426 4289 carices
