3100 4967
241 329 1155 402 decons.euangelistarumlib.Il.cap.XVI-XVII
1197 335 1259 400 135

122 530 271 595 Andream
294 531 452 595 mansisse
476 547 548 594 cum
571 529 628 594 illo
652 548 713 592 uno
734 528 784 592 die
808 532 841 592 et
862 530 939 593 tuno
958 527 1052 592 Petro
1076 546 1190 592 nomen
1213 529 1262 592 in·

123 638 265 720 positum,
288 655 361 702 cum
384 639 478 701 antea
500 635 608 702 Simon
632 639 810 700 uocaretur.
844 635 987 717 sequenti
1013 634 1091 699 item
1120 634 1171 699 die
1197 635 1262 699 iam

122 743 274 808 uolentem
292 743 374 807 exiro
391 744 424 808 in
445 742 621 808 Galilaeam
642 743 804 807 inuenisse
822 742 1005 826 Philippum
1027 745 1059 806 et
1082 741 1111 806 ei
1135 741 1261 820 dixisse,

123 853 156 913 ut
173 852 357 932 sequeretur
378 867 460 915 eum.
482 849 556 914 inde
579 852 712 915 uentum
735 853 795 926 est,
815 854 853 914 ut
871 849 967 914 etiam
987 849 1026 913 de
1043 847 1262 914 Nathanahele

89 975 109 1015 a
123 959 262 1022 narraret.
278 956 329 1021 die
343 960 452 1023 autam
464 958 560 1022 tertio
574 957 607 1021 in
623 955 767 1027 Galilaea
781 958 993 1022 constitutum
1008 956 1122 1021 fecisse
1136 955 1216 1020 illud
1230 957 1262 1020 in

124 1062 201 1128 Cana
223 1063 261 1127 de
286 1081 386 1147 aquae
408 1063 440 1127 in
463 1064 575 1128 uinum
598 1063 806 1128 conuersione
829 1063 1029 1129 miraculum.
1053 1083 1134 1146 quae
1157 1065 1264 1130 omnia

124 1171 211 1235 ceteri
229 1171 445 1256 euangelistae
463 1171 743 1254 praetermiserunt
759 1171 794 1234 id
814 1174 1013 1236 contexentes
1034 1170 1263 1237 narrationibus

124 1277 195 1355 suia,
210 1277 295 1359 quod
305 1278 396 1343 Iesus
411 1296 559 1342 reuersus
571 1277 615 1343 sit
623 1277 655 1340 in
666 1275 851 1342 Galilaeam.
861 1277 944 1341 unde
958 1277 1154 1362 intellegitur
1164 1277 1264 1343 fuisse

122 1382 320 1468 interpositos
343 1385 466 1467 aliquot
489 1384 567 1460 dies,
593 1383 709 1467 quihus
731 1385 789 1449 illa
812 1382 850 1448 de
874 1383 1041 1466 discipulis
1065 1387 1155 1468 gesta
1179 1388 1264 1464 sunt,

88 1509 196 1571 requae
221 1491 465 1574 interponuntur
488 1511 506 1556 a
528 1491 678 1557 Iohanne.
706 1511 768 1556 non
797 1495 846 1555 est
875 1493 981 1555 autem
1010 1490 1202 1556 contrarium
1235 1491 1264 1554 ei

122 1597 198 1675 loeo,
212 1597 268 1662 uhi
277 1597 442 1663 Mattheus
456 1603 563 1662 narrat
576 1597 739 1662 dominum
754 1597 871 1662 dixisse
881 1597 991 1663 Petro:
1005 1599 1048 1662 tu
1064 1617 1103 1662 es
1120 1597 1263 1664 Petrus

124 1707 159 1767 et
180 1723 302 1786 super
323 1705 424 1769 hauc
447 1709 601 1789 petram
629 1703 861 1770 aedificabo
887 1703 1106 1770 ecclesiam
1129 1722 1261 1770 meam.

123 1829 216 1892 neque
240 1813 325 1877 enim
346 1813 407 1876 hoc
429 1829 543 1877 nomen
570 1814 647 1876 tunc
674 1811 836 1894 accepisse
864 1811 1096 1895 intellegendus
1125 1815 1184 1888 est,
1208 1811 1264 1876 sed

122 1920 191 1983 tunc
216 1917 336 2001 potius,
367 1919 492 2002 quaudo
521 1919 550 1985 ei
576 1919 733 1984 Iohannes
765 1917 887 1982 dictum
920 1937 990 1983 esse
1022 1911 1262 1984 commemorat:

88 2043 109 2085 s
124 2027 160 2088 tu
176 2026 394 2090 uocaheris
414 2024 580 2109 cephas,
601 2023 705 2107 quod
723 2025 1024 2108 interpretatur
1043 2025 1203 2102 Petrus,
1228 2029 1266 2090 ut

124 2147 189 2195 eum
216 2132 278 2196 hoe
305 2132 433 2197 nomine
470 2131 644 2215 appellaret
678 2135 792 2214 postea
828 2131 975 2196 dominus
1009 2132 1116 2198 dicens
1149 2135 1191 2196 tu
1225 2152 1265 2197 as

122 2237 270 2304 Petrus.
307 2257 371 2304 non
404 2239 487 2303 enim
520 2237 565 2302 ait
596 2241 643 2304 ‘tu
675 2238 839 2304 uocaheris
871 2239 1007 2316 Petrus’‚
1046 2239 1102 2304 sed
1143 2243 1184 2304 tu
1224 2259 1264 2303 es

122 2343 272 2424 Petrus,
296 2345 382 2428 quod
404 2345 515 2411 eiiam
535 2345 656 2410 dictum
679 2347 747 2410 erat
770 2349 863 2411 antea
885 2349 928 2410 tu
951 2345 1179 2412 uocaberis.

162 2451 280 2517 Deinde
299 2452 441 2519 contexit
457 2451 670 2516 narrationem
684 2452 849 2517 Mattheus
869 2456 901 2518 et
919 2452 1009 2518 dicit:
1031 2451 1097 2517 ¹⁸et
1115 2452 1266 2518 relicta
1289 2445 1331 2511 35

89 2558 298 2624 acinitate
330 2559 533 2624 Nazareth
565 2559 681 2624 uenit
712 2562 751 2623 et
783 2559 991 2626 habitauit
1023 2559 1061 2624 in
1095 2559 1265 2644 Caphar-

206 2870 237 2923 11
255 2870 357 2927 Matth.
377 2871 421 2934 16,
440 2871 487 2935 18;
511 2871 544 2925 ci.
563 2870 635 2925 infra
654 2887 712 2941 cap.
736 2873 770 2926 53
795 2875 824 2926 et
846 2871 893 2926 lih.
917 2874 943 2935 4,
963 2889 1020 2943 cap.
1045 2874 1061 2927 3
1153 2873 1265 2928 1510n.

126 2957 146 3020 1,
162 2958 196 3011 42
250 2959 284 3013 19
302 2958 417 3014 *Matth
436 2960 464 3029 4,
484 2961 517 3014 13

155 3169 281 3241 tarmen
307 3169 361 3225 ΤΒ
382 3171 492 3227 OPVF
505 3171 539 3225 N
553 3171 587 3226 H
692 3175 823 3242 sequente
842 3173 922 3241 (tem
941 3171 977 3240 P)
999 3171 1091 3227 O¹PV
1186 3173 1264 3242 item]

126 3263 209 3312 autem
234 3259 306 3315 mu
334 3277 384 3328 ara
528 3262 545 3316 3
573 3261 685 3316 uolente
712 3262 788 3330 M,
817 3261 853 3314 -ti
881 3260 923 3318 R²
1028 3262 1188 3333 phylippum
1219 3262 1268 3316 ΟΡ

125 3346 235 3418 Ηυᾱο]
261 3366 284 3403 a.
314 3349 332 3403 1.
361 3349 427 3404 add.
456 3349 491 3403 acl
517 3350 570 3404 hoo
597 3350 640 3404 N‘
770 3351 949 3405 natanahelet
974 3351 1009 3414 Β,
1038 3352 1202 3406 natanahele
1229 3351 1265 3419 F,

125 3436 281 3492 nathanahel
303 3437 335 3492 D
356 3435 428 3490 H¹A
455 3436 488 3501 U,
511 3437 659 3492 nathanael
681 3437 720 3492 M
731 3456 751 3508 p
764 3456 785 3503 a,
805 3439 968 3494 nathanaele
992 3446 1040 3494 cet.
1148 3442 1165 3495 5
1189 3455 1265 3494 enar·

125 3525 486 3594 nothmannorum>
573 3527 602 3581 iu
622 3543 690 3582 cana
713 3543 764 3582 om.
785 3526 870 3581 ΒΗΤ
922 3528 1042 3581 licanan
1061 3527 1106 3582 21²
1123 3527 1265 3597 AE¹LU¹,

127 3610 221 3667 chanan
239 3615 291 3670 GP
311 3613 342 3683 0,
362 3616 460 3670 chaum
478 3615 542 3686 ΝΟ.
563 3616 673 3670 cnnna-
693 3615 736 3678 M,
756 3617 843 3670 chana
866 3615 890 3670 V
907 3615 990 3671 E²U²
1003 3633 1109 3685 proc,
1130 3633 1231 3671 canaan
1248 3635 1267 3687 p

127 3715 190 3770 aqua
208 3703 257 3758 GP
381 3705 409 3758 iu
429 3720 480 3759 om.
499 3704 539 3759 Βι
646 3706 710 3759 8in
730 3705 881 3760 Galilaeam
905 3706 941 3759 sit
959 3706 1030 3761 elna
1119 3706 1136 3760 9
1160 3706 1266 3775 aliquos

130 3789 152 3841 Τ
167 3791 190 3861 Q
249 3793 284 3849 10
303 3794 340 3862 ai]
361 3809 393 3848 eo
411 3793 498 3848 RYD
563 3795 595 3848 12
615 3793 776 3864 aedificabo]
796 3793 916 3848 fundabo
932 3811 954 3863 p
1019 3795 1051 3848 13
1070 3795 1152 3863 anim]
1172 3811 1267 3848 eumr

128 3882 247 3950 accipiere
267 3883 332 3938 0¹1³
400 3883 644 3952 intelligendum
689 3884 722 3936 15
741 3883 882 3938 uocaueria
900 3882 939 3936 B¹
958 3883 1002 3938 Ml
1022 3882 1120 3936 HElL
1193 3883 1265 3938 cefaa

128 3967 226 4025 BYOP
275 3975 319 4042 ut]
337 3973 412 4027 etB
454 3974 487 4028 16
505 3976 536 4026 tu
555 3989 584 4028 ea
602 3977 811 4044 petrnspostea
830 3972 1129 4027 dominaedieensOP
1165 3974 1197 4027 17
1217 3991 1265 4027 uo·

130 4061 223 4114 moeris
238 4061 266 4116 B
284 4067 310 4117 ct
327 4063 368 4117 eie
383 4064 466 4130 infru
483 4064 522 4116 18
584 4061 632 4116 sed
650 4067 682 4116 tu
702 4080 730 4117 ea
749 4066 842 4133 petrus
862 4080 912 4117 om.
932 4061 959 4116 L
1019 4079 1071 4131 quo
1094 4061 1149 4124 ΟΡ,
1169 4061 1233 4132 quia
1251 4079 1267 4116 r

131 4144 159 4198 le
176 4147 344 4218 derelictaQ
434 4151 470 4205 20
487 4153 599 4205 nazaret
616 4151 644 4204 Β
661 4152 689 4205 Δ
780 4151 857 4204 uenit
876 4153 904 4204 et
922 4167 1007 4204 orrar
1091 4149 1208 4204 auitauit
1226 4151 1263 4204 Βι

130 4237 271 4293 cafarnaum
293 4239 335 4304 0¹,
355 4239 508 4294 cafarnaum
532 4239 877 4309 euchartensium
899 4239 922 4310 Q
