3100 4967
378 289 420 342 dc
447 304 547 343 cons.
575 302 709 360 oneng.
732 289 779 343 lib.
799 290 850 343 111:
870 306 927 359 cap.
947 290 1018 343 XXV
1214 294 1278 357 379

9 495 13 522 ·
127 485 246 567 utiquo¹
276 506 336 551 uon
370 485 558 562 credentes·
579 486 661 552 undo
693 496 804 551 uerum
839 484 1155 568 estquod'Murcus
1185 486 1276 551 dicit:
1348 466 1351 474 ¹

128 610 199 657 uec
224 592 316 657 illis
340 591 616 660 crediderunt.
650 592 699 657 his
725 592 897 675 ergoiam.
924 592 1009 657 sicut
1036 591 1164 657 Marcus
1190 591 1277 669 dicit,

127 697 405 769 discumbentibus
431 704 466 763 et·
485 697 589 763 adbuc
612 698 696 776 inde,
725 699 811 763 sicut
833 698 937 763 Lucas
962 698 1050 777 dicit,
1074 698 1279 781 loquentibus

126 805 220 869 stetit
238 805 270 869 in
294 805 398 871 medio
423 820 533 872 eornm
552 805 699 872 dominus
725 809 758 871 et
781 805 827 869 ait
849 804 929 871 illis:
955 824 1028 888 pax
1053 805 1278 883 uobiscum,

97 912 214 977 asicnt
229 912 343 977 Lucas
373 914 406 976 et
432 910 597 979 Iohannes.
621 910 705 975 loros
730 914 837 979 autem
862 912 989 977 clausae
1014 914 1114 979 erent.
1144 932 1216 977 cnm
1240 914 1279 977 ud

125 1038 181 1084 eos
205 1020 350 1095 intrauit,
374 1018 459 1102 quod
484 1020 572 1084 solus
598 1016 756 1083 lohannes
781 1022 1015 1084 commemorat.
1039 1018 1145 1083 uerbis
1169 1019 1278 1101 itaque

124 1126 259 1203 domini,
279 1144 358 1207 qnae
372 1129 448 1191 tuno
468 1125 703 1191 eum'locntnm
721 1144 792 1191 esse
812 1124 978 1207 discipulis
992 1126 1096 1193 Lucas
1110 1125 1279 1189 Iohannes·

124 1252 188 1315 que
213 1233 368 1311 dixerunt,
396 1231 610 1315 interponitur
633 1235 666 1295 et
688 1232 744 1296 illa
768 1232 986 1315 exprobratio„
1005 1233 1042 1297 dc
1066 1251 1129 1313 qua
1151 1233 1279 1299 Marcus

124 1339 216 1415 dicit,
242 1338 327 1421 quod
346 1357 408 1403 non
428 1337 621 1403 crediderint
644 1337 690 1403 sis
715 1338 769 1419 qui
794 1356 867 1401 enm
891 1338 1098 1403 resurrexisse
1123 1337 1277 1403 uiderant.

83 1468 107 1505 ro
170 1444 237 1511 Sed
264 1444 324 1510 boc
352 1462 464 1509 rursus
493 1447 613 1518 mouet,
643 1443 801 1526 quomodo
832 1442 1107 1509 discumbentibus
1131 1444 1279 1509 undecim
1304 1442 1345 1506 76

123 1552 207 1617 dicit
237 1551 424 1634 apparuisse
456 1551 596 1629 Marcus,
630 1552 658 1615 si
691 1551 771 1615 illud
804 1554 931 1633 tempus
961 1557 1011 1616 cst
1032 1551 1100 1619 ,diei
1130 1551 1277 1617 dominici

122 1659 190 1726 iam
211 1658 315 1723 noctis
333 1657 435 1734 initio.
456 1657 541 1739 quod
561 1658 662 1723 Lucas
682 1657 902 1741 lohannesque
926 1658 1146 1723 meminerunt.
1171 1662 1278 1741 aperte

124 1765 246 1848 quippe
279 1765 433 1829 lohannes
466 1764 545 1830 dicit
576 1784 636 1829 non
671 1784 744 1832 cum
779 1765 824 1831 eis
860 1770 934 1829 tunc
966 1764 1067 1829 fuisse
1098 1766 1277 1847 apostolum

123 1872 294 1947 Tbomam
322 1890 416 1953 quern
442 1870 600 1935 credimus
625 1871 727 1937 exisse
751 1871 835 1936 iude.
865 1876 1033 1953 autequam
1064 1872 1210 1936 dominns
1239 1872 1278 1937 ad

81 1999 104 2037 rs
123 1998 181 2043 eos
210 1979 352 2053 intraret,
380 1982 588 2060 posteaquam
615 1977 665 2041 illi
693 1977 755 2041 dno
785 1976 952 2043 redeuntes
984 1978 1020 2041 de
1050 1976 1180 2043 castello
1205 1997 1278 2043 cum

122 2084 208 2167 ipsis
228 2084 375 2148 undecim
395 2083 557 2149 conlocuti
574 2090 661 2162 sunt,
686 2084 771 2148 sicut
795 2088 871 2165 aput
890 2084 1008 2149 Lucam
1028 2084 1198 2149 inuenitur.
1222 2084 1278 2149 sed
1313 2148 1314 2155 χ

122 2191 233 2261 Lucas
252 2190 283 2253 iu
309 2208 367 2254 sua
390 2189 567 2253 narratione
592 2190 646 2253 dat
668 2189 786 2263 locum.
812 2208 874 2271 quo
899 2187 1001 2271 possit
1024 2188 1178 2273 intellegi,
1202 2190 1277 2255 dum

123 2300 208 2362 baec
221 2298 439 2378 loquerentur,
454 2296 542 2377 prius
557 2295 630 2359 inde
646 2295 749 2360 exisse
763 2296 918 2361 'thomam
934 2300 966 2359 et
985 2300 1097 2377 postea
1116 2296 1277 2362 dominnm

5 2425 7 2540 J
122 2407 274 2469 intrasse.
298 2402 427 2466 Marcus
451 2403 569 2477 autern,
593 2402 646 2482 qui
672 2402 763 2474 dicit:
790 2402 1018 2466 nouissime
1051 2404 1279 2469 recumben-

5 2547 6 2586 ;
79 2532 104 2571 ao
123 2511 245 2575 tibus
265 2508 356 2573 illis
376 2506 564 2571 undecim
584 2508 787 2590 apparuit,
808 2508 903 2572 etiam
918 2508 1073 2573 Thomam
1091 2508 1159 2577 illic
1178 2509 1278 2576 luisse

5 2601 7 2698 l
121 2617 217 2701 cogit
245 2615 346 2679 fateri.
372 2614 433 2679 nisi
463 2614 542 2679 sorte
571 2615 718 2696 quamuis
747 2634 809 2679 nno
839 2615 969 2682 absente
998 2615 1145 2691 undecim
1173 2618 1278 2681 tamen

5 2701 7 2732 '
117 2724 235 2801 ,noluit
273 2721 440 2805 appellare,
480 2722 554 2803 qnia
587 2720 695 2785 eadem
729 2724 819 2797 tunc
840 2720 1017 2805 apostolica
1050 2721 1185 2787 societas
1213 2722 1278 2805 ¹lroo

5 2843 7 2902 l
122 2849 261 2896 numero
299 2828 550 2910 nuncupabatur,
589 2832 757 2911 antequam
791 2828 946 2893 Matthias
979 2829 1010 2891 in
1044 2830 1150 2893 locum
1181 2828 1278 2893 Iudae

5 2933 6 3016 l
120 2938 367 3019 subrogaretur.
395 2936 451 2999 aut
479 2934 508 2998 si
535 2933 595 2998 hoc
624 2934 737 2997 durum
766 2936 816 2997 est
840 2932 885 2996 sic
916 2934 1067 3015 accipere,
1096 2932 1176 3000 illud
1205 2946 1278 3017 ergo

5 3031 6 3096 ἶ
75 3068 102 3107 aa
121 3044 336 3125 accipiamus,
374 3045 448 3124 post
484 3041 602 3105 multas
626 3040 921 3105 demonstrationes
956 3039 1036 3116 eine.
1075 3040 1191 3122 quibus
1225 3051 1280 3123 per

121 3153 196 3217 dies
213 3149 422 3232 quadraginta
437 3148 603 3231 discipulis
619 3152 840 3230 praesentatus
855 3155 915 3225 est,
936 3167 1007 3211 enm
1029 3147 1124 3211 etiarn
1144 3148 1279 3212 nouissi-

6 1182 11 1360 l

5 1386 10 1488 r

218 3358 337 3414 ditare.
359 3359 400 3425 16,
422 3359 453 3411 13
554 3358 570 3411 3
588 3356 623 3410 cl.
642 3356 724 3411 blnrc.
746 3358 787 3419 16,
810 3358 841 3410 14
941 3356 1055 3413 effice.
1076 3355 1278 3422 24‚.¹36:*10h.

120 3450 169 3510 20.
190 3448 227 3500 26
267 3449 298 3500 ll
319 3448 352 3503 cf.
366 3448 448 3503 Marc.
466 3448 617 3515 16,14;ef.
634 3446 696 3501 Luc.
713 3448 755 3507 24.
769 3447 816 3509 29;
832 3446 878 3507 36;
898 3447 930 3500 ci.
946 3445 1003 3499 lob.
1019 3446 1063 3511 20,
1080 3446 1112 3499 19
1152 3446 1183 3499 19
1198 3445 1279 3501 blare.

122 3539 227 3595 16,14
283 3537 373 3607 2311.
394 3537 453 3590 Act.
475 3537 498 3600 1,
518 3537 553 3589 26
733 3550 735 3555 ·
1226 3534 1229 3541 ’

158 3665 178 3716 4
198 3660 352 3731 uobiscum]
373 3660 451 3715 nobis
469 3660 503 3716 S¹
521 3664 583 3733 χψω
601 3662 748 3714 cadmo
767 3662 813 3728 (cf.
832 3662 934 3728 supro)
988 3660 1005 3711 b
1024 3660 1106 3727 sicut}
1126 3658 1191 3713 cdd.
1210 3659 1278 3713 rele-

118 3754 191 3807 rnnt
215 3751 248 3815 V,
268 3750 334 3805 aad.
353 3751 449 3806 dieunt
467 3754 529 3824 χψω
547 3751 636 3806 rael
743 3750 886 3819 iohannes]
913 3748 979 3802 add.
1004 3751 1215 3803 commemorant
1233 3747 1280 3809 13².

119 3840 194 3897 edd.
216 3837 311 3893 dicunt
324 3856 372 3908 pp
425 3840 452 3898 Ι6
470 3838 661 3896 iutrointrauit
680 3839 707 3891 B
771 3838 916 3892 ilocutns
937 3836 986 3891 GP
1056 3836 1187 3891 iohannes
1207 3834 1280 3891 dixe-

119 3932 220 3999 runtq.
239 3928 279 3981 B¹
346 3930 375 3983 ll
397 3927 477 3998 dicit]
498 3929 538 3982 ait
555 3928 669 3984 Hanc
687 3949 702 3997 γ
776 3928 945 3997 apparuisse}
967 3926 1103 3981 dominnm
1124 3926 1280 3995 apparuisse

125 4018 153 4069 V
173 4019 223 4072 lm
317 4017 350 4071 14
368 4015 404 4071 ad
428 4034 474 4071 eos
493 4017 617 4071 dominus
635 4016 694 4070 RD
785 4016 818 4069 18
843 4014 989 4084 loquentur
1007 4016 1034 4067 B
1143 4014 1235 4069 thorno
1254 4014 1281 4067 B

118 4111 156 4163 21
186 4107 343 4177 cogitatB
375 4147 378 4154 .
451 4107 503 4160 nisi
527 4107 597 4161 forte
621 4123 672 4160 om.
693 4105 730 4157 13¹
832 4104 955 4172 Ἰ221106]
981 4104 1071 4167 ach
1163 4101 1196 4173 26
1217 4101 1279 4155 'XL'

120 4195 215 4251 IIEL
394 4219 396 4225 v
700 4204 705 4215 ’
760 4207 765 4215 ·
929 4202 932 4211 ’
996 4214 997 4219 “
