3100 4967
260 281 325 342 444
688 273 807 327 Index
834 274 1027 326 nominum

295 482 386 522 tamen
418 469 520 522 nomini
555 468 646 522 fauere
680 468 835 523 Christiano
900 467 927 519 in
962 465 1121 519 Tusculanis
1150 464 1274 534 disputat
1301 468 1434 535 tamqnam

295 558 343 625 ita,
361 561 393 610 nt
408 555 578 611 Christianos
589 557 672 609 etiam
687 556 836 624 suscipiant
900 560 1066 608 secretorum
1090 554 1225 607 conscium
1250 552 1380 607 admonet
1395 555 1435 617 30,

294 648 356 714 402,
378 648 401 699 1.
421 676 455 685 -
475 645 631 700 Christiana
654 644 720 698 fides
744 645 787 709 21,
806 645 837 711 2,·
901 646 945 706 15;
961 642 1137 697 Academicus
1156 643 1199 711 31,
1215 642 1263 711 33,
1277 642 1347 710 qaid
1365 644 1435 695 dire·

294 736 337 795 22,
363 735 410 802 183
438 736 481 799 55,
505 735 535 801 4,
562 732 605 796 81,
627 734 674 801 12,
693 733 836 803 disciplina
898 733 937 786 rit
956 734 988 786 de
1006 732 1109 786 Roscio
1129 731 1255 786 concoctio
1274 733 1317 794 56,
1343 734 1388 791 11,
1407 732 1435 784 de

297 824 337 891 15,
356 824 389 890 4,
407 823 519 877 litterae
540 823 582 886 15,
604 824 651 891 17,
675 821 772 891 religio
794 821 835 889 10,
900 822 990 876 Flora
1008 828 1097 875 matre
1115 823 1157 883 56,
1180 822 1212 873 19

296 912 342 980 19,
366 912 409 979 22,
435 911 485 979 20,
504 912 548 979 26,
566 912 622 977 20,
645 916 769 979 tempora
791 910 834 971 39,
865 910 983 964 cilicium
1013 908 1046 963 ad
1080 908 1183 978 peccati
1212 908 1435 977 significationem

284 1002 405 1069 ·11,56.
427 1002 439 1052 1
900 1000 1020 1067 pertinet
1038 998 1081 1065 94,
1103 998 1135 1051 17

260 1087 398 1142 Christus:
425 1088 457 1141 de
477 1087 586 1143 Clrriato
610 1089 708 1141 nolunt
727 1087 840 1142 credere.
864 1088 963 1157 clamys
993 1087 1119 1140 coccinea
1146 1104 1194 1156 pro
1222 1088 1300 1154 regia
1324 1102 1437 1155 purpura

296 1176 369 1245 quod
380 1177 437 1230 eiua
452 1176 485 1230 de
496 1176 544 1231 illo
560 1176 687 1246 discipuli
699 1176 834 1245 conscrip-
900 1180 933 1230 ab
977 1175 1165 1229 inludentibna
1212 1174 1339 1227 adhibita
1384 1178 1437 1227 erat

295 1267 387 1344 serunt
416 1266 458 1333 13,
486 1266 516 1331 5,
549 1265 705 1319 bracchium
733 1265 834 1319 domini
899 1266 996 1327 3209

295 1354 337 1412 52,
367 1354 397 1420 9,
421 1370 481 1407 eum
508 1370 566 1407 noa
588 1354 703 1423 mapicia
729 1354 836 1407 artibus
864 1353 1023 1406 clarificatio
1051 1352 1120 1405 uiaio
1149 1352 1175 1404 in
1205 1355 1298 1405 monte
1322 1352 1436 1429 2183,

294 1443 398 1508 seciam,
417 1448 448 1495 ut
468 1442 501 1495 de
518 1460 547 1495 ae
562 1444 771 1511 praediceretur
785 1459 836 1510 per·
900 1443 931 1496 cl.
958 1459 1039 1511 quam
1063 1441 1162 1495 lrabuit
1185 1440 1256 1509 apud
1281 1444 1386 1510 patrem
1407 1471 1434 1479 —

291 1531 444 1598 prophetae
462 1532 504 1593 53,
526 1533 555 1598 7,
579 1531 713 1599 quonaodo
727 1530 834 1599 praefi·
898 1531 961 1597 414,
980 1532 995 1584 9

293 1626 412 1688 paratae
434 1621 470 1673 ait
496 1621 526 1672 ia
547 1621 774 1690 qeneracioninoo
792 1622 835 1687 91,
865 1617 1192 1687 0110111360,6,371,
1213 1620 1229 1672 6

296 1712 325 1775 5,
345 1708 407 1763 Chr.
426 1710 562 1776 sapientia
577 1708 620 1761 dei
639 1708 682 1777 58,
703 1710 749 1776 19,
769 1707 835 1761 dens
865 1706 1045 1777 Clytemestra
1063 1708 1125 1767 340,
1147 1708 1179 1760 19

297 1801 325 1849 et
348 1796 429 1849 homo
452 1798 495 1865 60,
520 1799 550 1862 6,
578 1796 644 1850 dens
670 1814 729 1850 cum
758 1800 835 1866 patre
864 1796 1069 1849 coecus:rubra
1080 1795 1211 1865 quaedam
1226 1812 1347 1865 purpura
1362 1812 1436 1849 cocco

297 1901 365 1937 unua
388 1885 450 1951 408,
470 1886 499 1953 7,
528 1901 577 1938 cnr
599 1887 835 1953 sapientissimam
899 1885 1037 1939 simillima
1056 1885 1116 1945 320.
1138 1885 1171 1939 10

289 1974 382 2040 faisse
397 1975 549 2041 fateantur
574 1976 615 2040 13,
635 1975 664 2042 6,
687 1976 726 2031 15.
752 1975 782 2036 2,
804 1974 836 2027 de
864 1972 1187 2041 110111111111116,3,
1211 1973 1296 2042 aliqui
1316 1973 1436 2041 39514,

297 2062 457 2116 anabolante
483 2078 566 2130 super
602 2080 692 2129 aquae
718 2062 779 2129 206,
805 2063 835 2130 9,
900 2061 1027 2115 nonnulli
1047 2062 1106 2131 172,
1126 2062 1156 2130 8,
1180 2062 1241 2129 305,
1261 2065 1291 2129 5,
1311 2062 1372 2125 370,
1394 2064 1437 2130 16,

296 2152 355 2203 eiua
378 2149 515 2203 diuinitas
539 2151 631 2216 618,
655 2152 679 2217 7,
704 2152 749 2216 12,
773 2151 834 2215 407,
899 2150 1021 2220 plerique
1050 2152 1111 2216 215,
1138 2152 1184 2219 10,
1208 2151 1300 2219 plures
1324 2152 1384 2217 305,
1410 2152 1436 2212 1,
1532 2206 1533 2209 ,

297 2241 325 2298 7,
344 2239 405 2306 409,
425 2241 456 2306 7,
474 2240 549 2292 circa
562 2239 763 2292 hartranr'tatem
779 2240 836 2292 eiar
901 2239 1008 2308 quidam
1037 2241 1098 2302 215,
1126 2241 1155 2309 7,
1180 2239 1359 2293 ecclesiastici
1378 2240 1436 2305 230,

294 2334 421 2380 amantor
451 2327 566 2388 Matilo,
599 2327 699 2389 Mara,
727 2294 851 2381 Lucam*
900 2331 929 2396 9,
954 2329 1155 2397 euangeliorum
1180 2328 1241 2395 304,
1272 2329 1318 2395 13,
1343 2328 1436 2381 Graeci

295 2418 319 2479 6,
339 2416 370 2483 2,
388 2417 449 2478 406,
469 2417 517 2483 21,
537 2416 570 2468 de
593 2418 652 2469 eiua
670 2417 835 2483 humililate,
899 2419 959 2485 241,
981 2420 1027 2485 12,
1048 2419 1108 2485 305,
1128 2418 1158 2485 2,
1178 2417 1436 2484 371,14,Ι11111111

290 2504 459 2571 praecentio,
475 2505 608 2571 paeninae
626 2513 651 2557 et
670 2506 703 2558 de
722 2506 835 2560 ecclesia
899 2507 959 2574 290,
988 2508 1034 2574 17,
1059 2506 1228 2559 inimieorum
1255 2506 1298 2569 21,
1324 2505 1371 2573 12,
1394 2505 1436 2571 40,

295 2593 353 2645 eiua
365 2593 455 2645 multa
475 2592 553 2660 apud
564 2594 683 2646 Enniam
703 2595 836 2646 <timentur
898 2597 928 2663 4,
967 2596 1160 2665 prophetarum
1201 2596 1354 2646 nostrorum
1396 2593 1436 2657 39,

293 2682 337 2743 48,
359 2681 404 2749 10,
422 2684 466 2744 49,
494 2684 521 2748 1,
541 2684 583 2749 51,
610 2684 655 2749 19,
674 2700 773 2737 nomen
792 2686 834 2751 21,
898 2685 932 2737 23
1390 2682 1394 2691 “

294 2770 323 2836 8,
347 2772 390 2833 84,
416 2771 462 2837 17,
484 2770 558 2823 filius
582 2770 625 2823 dei
650 2776 677 2824 et
701 2770 767 2824 dena
794 2774 834 2839 14,
863 2772 1017 2841 coniugium
1057 2775 1165 2825 acruata
1204 2771 1263 2839 pari
1306 2786 1434 2825 consensu

293 2860 323 2924 4,
349 2858 421 2912 filius
446 2859 489 2911 dei
511 2865 538 2912 et
556 2858 575 2911 f.
601 2858 717 2913 hominia
737 2862 780 2929 82,
804 2864 834 2930 4,
899 2859 1434 2931 continentiaposaepermanereuoeari·

293 2948 337 3005 93.
364 2949 394 3016 3,
421 2949 483 3016 417,
512 2950 542 3015 9,
571 2948 642 3002 filine
671 2966 729 3002 enm
756 2954 833 3019 patre
898 2967 950 3019 que
966 2968 996 3012 c.,
1015 2967 1068 3002 non
1082 2951 1213 3019 permixto
1234 2948 1351 3018 corpori
1364 2965 1434 3001 aera.

295 3036 832 3107 1111111112,1,1.11,11111111111111
898 3038 946 3093 aed
971 3036 1107 3092 custodito
1134 3039 1234 3091 mentis
1267 3038 1364 3091 affectu
1393 3038 1434 3097 82,

295 3126 335 3186 11,
356 3125 403 3186 24,
423 3125 495 3177 filine
515 3126 616 3178 ueritas
635 3127 697 3193 412,
723 3128 769 3195 15,
789 3144 833 3181 rex
899 3130 944 3195 17,
966 3127 1109 3194 coniupunr
1128 3126 1272 3193 separatio
1290 3126 1352 3191 223,
1372 3128 1386 3177 1

292 3213 400 3281 89⁴1,
433 3215 477 3277 90,
510 3216 540 3283 2,
567 3216 627 3278 417,
657 3216 704 3283 13,
732 3232 777 3268 rer
806 3221 834 3269 et
862 3216 1075 3285 contemplation
1104 3215 1190 3267 uirtus
1219 3216 1244 3282 9,
1270 3216 1298 3283 1,
1323 3215 1364 3281 12,
1390 3213 1434 3269 11,

292 3302 417 3355 sacerdos
440 3304 467 3367 4,
487 3304 535 3370 24,
560 3304 585 3371 6,
606 3306 634 3369 1,
654 3306 697 3365 20,
724 3306 768 3370 14,
789 3305 831 3365 36,
895 3306 958 3369 417,
977 3304 1009 3358 21

294 3393 340 3458 19,
358 3394 421 3453 406,
441 3393 489 3458 23,
508 3394 585 3461 regia
609 3401 637 3446 et
656 3394 831 3446 sacerdotalia
861 3393 963 3448 Crunoe
989 3391 1120 3447 Graecum
1146 3392 1308 3445 uocabulum
1327 3392 1432 3445 Saturni

292 3481 374 3549 stirps
398 3484 424 3547 4,
451 3483 495 3548 10,
520 3481 563 3542 84,
594 3483 639 3549 14,
666 3498 780 3551 regnum
804 3486 832 3534 et
897 3478 1431 3550 qnodadspirationcadditaetiamtem·

292 3569 830 3639 111111111111119,12,21,4,36,18,
895 3570 968 3639 poris
998 3586 1097 3622 nomen
1126 3572 1168 3622 est
1196 3570 1239 3637 33,
1271 3571 1302 3637 4,
1330 3568 1431 3624 Cronon
1532 3604 1533 3607 ,

292 3660 334 3726 60,
364 3660 410 3728 10,
438 3661 500 3722 410,
533 3660 558 3722 1,
588 3660 723 3712 mediator
750 3661 775 3726 6,
800 3662 829 3720 6,
896 3658 1063 3726 appellatum
1084 3658 1334 3711 uelutaaatietale
1354 3658 1431 3710 iutel-

292 3749 334 3809 60,
354 3750 382 3812 5,
401 3748 463 3810 417,
483 3749 499 3800 8
893 3747 980 3799 lectus
1000 3748 1043 3814 33,
1064 3748 1097 3801 13

257 3834 357 3888 Christi
376 3837 516 3905 generatio
536 3837 578 3904 aa,
602 3838 632 3902 a,
652 3838 694 3903 aa,
721 3837 766 3904 11,
786 3838 828 3903 aa,
858 3836 1045 3889 parmenam
1072 3837 1091 3889 1.
1120 3853 1144 3903 q.
1168 3835 1315 3903 11191111
1339 3832 1429 3901 mar
1532 3800 1533 3881 ξ

291 3925 321 3991 9,
340 3931 562 3993 progeneratores
581 3926 625 3991 84,
647 3926 679 3977 19
857 3924 949 3978 Dauid
977 3925 1007 3978 in
1033 3924 1244 3995 perorator-ltus
1276 3923 1380 3977 domini
1405 3922 1429 3980 4,
1532 3924 1533 3969 l

256 4010 350 4065 Cicero
378 4020 569 4066 commemorat
591 4012 769 4065 Euhemerum
795 4012 827 4065 ab
894 4015 940 4081 18,
969 4017 993 4071 5,
1022 4013 1068 4082 11,
1093 4013 1118 4081 6,
1142 4012 1173 4081 4,
1196 4014 1240 4080 84,
1264 4016 1295 4081 5,
1318 4014 1361 4079 91,
1386 4010 1429 4075 13,
1532 4036 1533 4093 r

292 4099 378 4152 Ennio
410 4102 437 4151 in
467 4100 592 4153 Latinam
620 4101 741 4169 linguam
770 4118 828 4154 esse
894 4102 989 4165 93,17

290 4205 448 4242 conuersum
475 4189 519 4250 30,
549 4192 594 4255 14,
624 4206 685 4242 euru
712 4206 827 4257 quocum
857 4190 970 4242 daemon
990 4188 1117 4244 Socralr'c
1137 4190 1177 4257 12,
1200 4188 1233 4243 18
