3100 4967
215 369 255 422 de
279 381 474 421 consensu
497 363 841 434 euangelistarum
859 361 908 420 lib.
927 363 963 418 11.
983 379 1040 434 cap.
1059 359 1109 418 XX
1172 367 1234 434 151

100 567 159 629 arte
179 563 372 648 pertingunt.
395 562 425 627 si
443 579 518 646 ergo
536 560 608 644 ipsa
625 558 791 644 peruentio
809 559 928 625 usitate
947 557 1064 626 dicitur
1081 580 1137 643 per
1156 560 1235 626 alios

99 671 168 746 fieri,
190 674 307 753 quanto
328 670 433 754 magis
456 687 605 734 accessus
622 687 678 752 per
695 667 775 732 alios
798 667 866 732 fieri
889 670 1005 751 potest,
1026 667 1080 751 qui
1098 669 1235 752 plerum·

100 795 154 860 qne
186 776 265 842 infra
299 777 539 860 pementionem
574 778 726 853 remanet,
765 774 890 859 quando
928 775 1066 858 potuerit
1101 776 1235 858 quisque

99 884 260 968 plurimum
278 883 408 968 quidem
427 883 586 955 accedere.
604 881 662 948 sed
679 885 786 947 tamen
809 902 870 948 nou
893 881 1033 965 potuerit
1055 883 1234 965 peruenire!

75 1011 152 1057 anon
172 1010 244 1076 ergo
269 992 407 1058 absurde
424 991 589 1058 Mattheus
613 989 708 1054 etiam
734 986 819 1073 quod
841 989 942 1073 uulgo
966 989 1070 1074 possit
1091 988 1236 1076 intellegi

99 1117 148 1181 per
169 1099 247 1166 alios
278 1100 364 1165 facto
396 1119 529 1165 accessu
561 1097 753 1164 centurionis
787 1095 826 1160 ad
863 1096 1026 1162 dominum
1060 1095 1234 1181 conpendio

99 1205 189 1271 dicere
210 1205 317 1272 noluit
340 1206 522 1272 accessit
545 1204 592 1270 ad
615 1223 701 1270 eum
725 1203 924 1269 centurio.

137 1312 249 1378 Verum
275 1316 383 1378 tamen
410 1330 472 1378 non
504 1312 710 1397 neglegenter
739 1310 891 1376 intuenda
920 1311 971 1376 est
1002 1309 1097 1376 etiam
1131 1311 1233 1376 sancti
1258 1293 1300 1358 5⁰

100 1419 303 1504 euangelistae
340 1419 475 1485 altitudo
511 1418 665 1503 mysticae
700 1417 883 1494 locutionis,
921 1419 1096 1484 secundum
1137 1437 1232 1501 quam

66 1525 239 1609 roscnptnm
264 1525 369 1591 estin
391 1527 532 1610 psalmo:
567 1525 755 1592 accedite
779 1524 825 1591 ad
849 1545 935 1591 eum
959 1528 997 1591 et
1019 1524 1233 1592 inlumina·

98 1632 192 1698 mini.
215 1633 348 1716 proinde
372 1633 447 1717 quia
468 1631 563 1698 fidem
587 1632 804 1712 centurionis,
818 1651 880 1715 qua
907 1651 982 1698 uere
1010 1633 1171 1698 acceditur
1193 1633 1234 1698 ad

98 1737 202 1818 lesum,
230 1741 300 1824 ipse
327 1740 374 1806 ita
400 1739 555 1819 laudauit,
583 1743 622 1805 nt
648 1739 767 1805 diceret
798 1759 873 1804 non
907 1739 1048 1806 inueni
1080 1743 1233 1806 tantam

98 1845 205 1910 fidem
238 1847 279 1911 in
310 1846 481 1926 Israhel,
512 1845 619 1930 ipsum
652 1846 760 1931 potius
793 1845 968 1912 accessisse
1001 1845 1040 1911 ad
1069 1844 1232 1912 Christum

98 1949 187 2017 dicere
209 1953 316 2019 uoluit
336 1954 475 2038 prudens
503 1953 702 2038 euangelista
729 1971 825 2036 quam
852 1952 927 2019 illos
954 1971 1011 2036 per
1033 1971 1113 2035 quos
1136 1951 1233 2018 uerba

66 2077 148 2122 usna
169 2060 308 2126 miserat.
337 2080 429 2144 porro
457 2064 564 2126 autem
591 2060 695 2126 Lucas
722 2059 794 2125 ideo
826 2063 931 2125 totum
965 2059 1232 2143 quemadmodum

98 2169 210 2248 gestum
234 2172 321 2233 esset
343 2168 478 2251 aperuit,
496 2171 535 2233 ut
557 2187 594 2232 er
616 2168 677 2232 boc
701 2166 887 2252 intellegere
910 2185 1105 2252 cogeremur,
1125 2186 1232 2250 quem·

97 2271 253 2338 admodum
276 2293 350 2340 eum
375 2275 550 2340 accessisse
573 2273 686 2339 dixerit
708 2273 790 2340 alius
816 2273 870 2357 qui
888 2273 1016 2339 mentiri
1034 2293 1095 2340 non
1114 2275 1230 2359 potuit.

98 2379 137 2443 sic
164 2381 243 2445 enim
277 2385 311 2446 et
341 2380 398 2446 illa
424 2381 549 2459 mulier,
580 2399 661 2463 quae
691 2380 810 2446 fluxum
845 2381 1009 2465 sanguinis
1040 2381 1230 2464 patiebatur,

98 2488 226 2566 quamuis
246 2487 405 2552 fimbriam
422 2489 608 2554 uestimeuti
624 2489 694 2554 eius
711 2488 861 2568 tenuerit,
875 2488 979 2572 magis
998 2493 1104 2553 tamen
1122 2487 1232 2572 tetigit

65 2608 85 2649 a
98 2590 243 2658 dominnm
271 2613 367 2678 quam
394 2595 470 2660 illae
501 2597 624 2675 turbae,
652 2615 671 2659 a
699 2595 815 2679 quibus
844 2595 1054 2679 premebatur.
1082 2599 1120 2660 ut
1147 2595 1230 2661 enim

97 2697 170 2779 baec,
193 2720 255 2784 quo
283 2703 387 2786 magis
415 2701 560 2781 credidit,
590 2721 627 2769 eo
654 2703 758 2788 magis
787 2702 897 2787 tetigit
924 2702 1098 2782 dominum,
1124 2703 1171 2766 ita
1199 2706 1231 2768 et

98 2807 231 2886 centurio,
256 2828 319 2893 quo
342 2810 446 2894 magis
470 2809 615 2890 credidit,
639 2829 676 2876 eo
699 2809 803 2895 magis
828 2810 963 2876 accessit
986 2811 1025 2875 ed
1056 2810 1229 2876 domiuum.

97 2910 148 2976 iam
174 2918 276 2980 cetera
302 2915 335 2981 in
364 2917 425 2982 boc
458 2916 598 3001 capitulo
633 2935 714 3000 quac
747 2917 827 2981 alter
859 2917 937 2984 dicit
969 2920 1002 2984 et
1033 2917 1112 2983 alter
1143 2939 1229 3001 prae-

171 3209 246 3266 71³⁸.
265 3213 309 3282 33,
328 3211 345 3267 6
397 3213 431 3266 12
448 3211 547 3268 Mattb.
567 3213 593 3282 8,
613 3213 647 3269 10
697 3217 732 3270 19
751 3215 786 3270 ci.
805 3215 869 3271 Luc.
889 3217 914 3284 8,
933 3216 1053 3280 42-48;
1073 3216 1108 3271 cl.
1122 3216 1222 3271 blatth.

96 3293 118 3362 8,
132 3298 174 3364 ao;
192 3301 225 3355 cl.
244 3301 328 3356 blare.
347 3303 372 3370 5,
391 3301 427 3358 25

126 3472 261 3544 ldicitnr]
282 3474 349 3530 add.
369 3492 439 3545 qnae
456 3475 499 3530 E‘
569 3477 586 3530 2
606 3478 805 3548 quanto—fleri
824 3495 876 3534 om.
894 3479 1041 3534 HAELU
1109 3481 1156 3551 qni
1176 3496 1219 3536 om

99 3558 127 3627 B,
142 3565 199 3633 qnia
215 3563 362 3619 HAELU
413 3566 431 3619 3
448 3565 566 3621 remanit
585 3567 641 3632 GP,
659 3569 792 3622 remansit
811 3569 878 3634 (nsit
895 3569 927 3623 ia
944 3569 1013 3636 rar.)
1036 3569 1067 3639 V,
1087 3573 1228 3642 permanet

99 3647 156 3705 ΗΔ1
212 3655 352 3710 diaetam
371 3671 508 3710 accessum
527 3656 557 3711 D
578 3656 724 3728 QrEuq.
797 3659 904 3728 lenm]
926 3657 1005 3713 deum
1024 3659 1051 3713 B
1119 3660 1227 3714 8nele·

99 3746 178 3806 genbr
192 3744 228 3812 B,
245 3745 351 3814 neglig.
373 3743 430 3810 ΟΡ,
447 3745 601 3815 neglienter
618 3745 686 3799 mn
756 3746 917 3802 intuendum
936 3747 1022 3803 ΒΗΤ
1069 3749 1227 3803 9misticae

102 3825 183 3886 OPN
232 3832 265 3887 12
283 3831 410 3888 laudabit
427 3834 456 3887 B
527 3834 626 3889 dicerit
647 3833 715 3903 0¹1²,
734 3836 868 3890 indiceret
881 3837 914 3890 H
972 3836 1005 3890 15
1023 3839 1228 3907 praemiseratr

101 3914 127 3968 16
140 3918 355 3991 intellegereruur
371 3925 433 3990 (om.
453 3926 574 3992 cogere-l
591 3923 619 3977 B
675 3925 706 3978 ll
727 3941 789 3978 eum
807 3941 858 3980 om.
880 3923 930 3978 ΟΡ
946 3925 987 3978 Ηι
1060 3942 1121 3979 eum
1137 3942 1227 3980 acces·

100 4003 152 4059 aisse
167 4023 217 4067 om.
233 4010 306 4080 Erec.
325 4009 405 4065 codd.
423 4016 478 4080 opt.
568 4012 683 4066 mentire
704 4013 755 4068 GP
838 4014 925 4084 possit
943 4013 1014 4084 Erro.
1035 4015 1112 4068 codd.
1136 4013 1225 4069 Vatia.

100 4089 210 4151 Mediocre.
264 4100 300 4154 18
319 4103 348 4154 et
365 4117 416 4155 om.
435 4101 508 4171 Erec.
570 4102 718 4156 20111013
789 4102 998 4172 praemebantur
1015 4104 1043 4157 B
1063 4104 1113 4157 GP
1183 4107 1225 4175 nt]

101 4183 123 4322 et
136 4183 300 4258 Hunno,
372 4190 405 4243 21
425 4189 590 4261 tetigit—eo
608 4192 696 4261 magis
715 4209 766 4246 om.
785 4191 960 4264 HAELUT
1037 4191 1144 4247 domino
1166 4193 1228 4248 0¹1³

102 4285 112 4321 e
137 4289 181 4330 om.
197 4293 263 4331 roc
