3100 4967
528 1052 921 1163 PRAEFATIO.

711 1390 736 1453 I.

192 1500 233 1597 in
258 1530 460 1597 recensendis
489 1532 637 1614 operibus
667 1530 769 1595 saneti
798 1529 937 1595 doctoris
959 1529 1133 1615 Augustini
1160 1531 1301 1595 multum

140 1641 244 1705 refert
265 1638 470 1721 inuestigare,
500 1656 561 1719 quo
591 1656 671 1703 anino
696 1636 823 1721 singule
847 1636 1027 1720 conscripto
1054 1636 1128 1716 sini,
1152 1636 1303 1702 maxime·

143 1765 209 1828 qne
241 1744 275 1809 in
309 1742 437 1809 edendis
469 1743 570 1824 libris,
607 1744 724 1827 quibus
762 1743 801 1808 do
839 1761 995 1809 consensu
1031 1743 1302 1827 euangelistorum

144 1853 265 1936 agitur,
299 1852 434 1933 primum
467 1850 681 1945 quaerendum
711 1853 770 1929 est,
804 1869 868 1933 qna
894 1853 998 1915 aetate
1026 1849 1057 1914 in
1081 1851 1187 1915 lucem
1209 1849 1302 1933 prod-

145 1958 254 2024 ierint.

194 2064 242 2128 Ao
265 2065 339 2141 ium,
362 2068 400 2128 ut
423 2083 585 2129 summum
609 2062 740 2128 editoris
764 2062 907 2129 officium
926 2064 1050 2142 iccium,
1070 2062 1109 2127 ab
1129 2062 1174 2128 eis
1193 2062 1302 2127 uerbis

147 2170 302 2247 exordiar,
327 2170 443 2251 quibus
471 2170 539 2252 ipss
563 2170 763 2254 Augustinus
792 2168 833 2233 de
861 2170 922 2235 hoe
946 2188 1039 2253 opere
1068 2167 1220 2235 dissonuit
1241 2172 1303 2251 (re-

148 2280 300 2353 tract.'2,
328 2279 378 2351 16,
405 2298 432 2359 p.
460 2278 532 2353 149,
560 2278 600 2341 19
625 2276 674 2343 ed.
698 2276 828 2356 Knoll):

197 2382 262 2447 Per
284 2383 404 2447 eosdcne
426 2404 536 2457 uicinos,
561 2384 674 2465 uicibus
691 2383 854 2464 punctatim
873 2383 970 2447 tidros
988 2384 1025 2445 de
1045 2385 1185 2447 trinitate
1204 2382 1302 2447 dicte·

150 2490 234 2563 beru,
262 2492 376 2569 scripsi
404 2494 432 2553 ct
459 2490 540 2555 aiios
570 2490 675 2554 iubere
703 2493 850 2553 continuo
879 2491 1080 2570 interponens
1102 2509 1153 2553 cos
1175 2488 1303 2553 illorum

150 2596 349 2675 tciripori'oiis,
376 2599 409 2659 in
431 2596 544 2677 qicidus
565 2600 639 2659 sceui
658 2596 732 2660 iteri
750 2599 897 2677 quattuor
915 2594 953 2657 de
972 2616 1122 2659 eoieseusu
1145 2593 1302 2677 eiiuieyeli·

148 2706 273 2765 sterion
291 2707 422 2783 propter
444 2722 504 2777 eos,
529 2706 583 2784 qni
602 2707 761 2783 turciquarn
781 2702 1036 2766 dissentientibus
1054 2702 1303 2765 ceiiunniontn-r.

149 2828 283 2889 queorurn
306 2810 433 2888 prierius
462 2808 540 2871 tiber
567 2808 721 2873 aciieersus
748 2808 821 2872 iilos
847 2811 1040 2889 conscriptus
1068 2812 1121 2882 cst,
1146 2808 1201 2888 qui
1223 2812 1304 2870 toni-

149 2936 247 2995 quuuc
273 2916 410 2977 oracione
437 2916 609 2995 sapientem
637 2914 800 2979 Cieiisturn
823 2915 876 2978 uel
896 2912 1052 2978 iroewrent
1075 2914 1126 2976 uei
1147 2912 1305 2977 iionorere

148 3041 182 3084 se
210 3020 333 3101 fiicyunt
363 3025 390 3083 et
417 3019 488 3085 ideo
515 3020 625 3085 uolunt
653 3022 816 3103 eueicyelio
839 3020 973 3097 cruciere,
997 3022 1073 3102 quie
1095 3040 1161 3085 non
1183 3021 1224 3083 ao
1247 3020 1305 3083 iiio

149 3125 211 3189 illa
234 3128 409 3207 coroscripte
430 3131 512 3203 scirit,
536 3126 592 3191 scd
614 3128 653 3191 reb
677 3129 745 3191 cius
767 3128 945 3209 discipulis,
969 3148 1045 3208 qucos
1072 3127 1252 3190 existiment
1275 3127 1304 3189 ei

149 3232 360 3309 diuinitatem,
385 3254 447 3314 qnia
471 3233 647 3298 crederetur
669 3234 754 3311 decis,
779 3254 883 3298 errore
907 3233 1061 3298 tribuisse.
1085 3236 1120 3295 in
1144 3253 1203 3313 quo
1223 3233 1304 3297 libro

149 3360 193 3402 ee
221 3338 412 3403 Abrettene
440 3342 604 3421 coepisse
628 3345 770 3423 oentem
798 3340 1029 3405 Hedreorum
1057 3345 1101 3404 est
1129 3340 1254 3421 quidem
1277 3344 1305 3403 et

147 3444 206 3509 icoc
229 3444 382 3523 credibile,
402 3451 436 3509 ut
454 3446 572 3511 Hedrei
594 3448 679 3511 uelut
697 3446 839 3511 Abrcicei
862 3446 939 3511 dicti
962 3468 1026 3511 esse
1052 3446 1229 3523 uideantur,
1249 3446 1304 3511 sed

148 3572 189 3615 ee
222 3552 275 3616 illo
305 3554 414 3619 ucrices
447 3552 669 3636 inteileffuntur
698 3554 861 3638 appellati,
896 3555 951 3635 qni
981 3554 1155 3619 ccocebatur
1186 3552 1305 3641 Beier,

145 3663 315 3739 turnucum
339 3658 482 3735 Heberei‚
509 3660 546 3724 de
570 3682 633 3741 queo
656 3662 744 3725 rein
768 3660 849 3725 libro
871 3661 1093 3725 sextodecimo
1116 3661 1154 3723 de
1176 3662 1305 3723 ciuitate

148 3765 201 3828 dci
224 3766 303 3828 satis
325 3766 468 3831 disserui.
494 3766 694 3843 insecundo,
718 3786 789 3829 cunc
811 3787 936 3849 nuncin
959 3765 996 3829 de
1019 3766 1138 3830 iiicodus
1154 3766 1306 3846 patribus

146 3872 272 3953 Ioseph,
292 3872 332 3937 ad
351 3873 449 3937 uitero
470 3873 539 3937 ctiori
555 3876 704 3955 uenite-nc,
724 3874 763 3937 ed
782 3873 881 3938 altero
905 3872 1104 3955 adoptatum
1126 3872 1181 3937 sed
1200 3873 1304 3937 dicen·

147 3978 227 4043 dum
254 3978 331 4058 suit:
359 3980 450 4043 atteri
477 3980 672 4061 adoptatum.
702 3978 847 4059 ciesuucto
876 3982 969 4055 enirn,
999 3979 1081 4060 quod
1107 3983 1210 4061 niueis
1241 4002 1305 4043 cre-

147 4084 291 4151 dendum
324 4092 378 4163 est,
410 4086 581 4151 secuudum
615 4087 708 4169 teuent
735 4086 838 4167 feceret
867 4086 1044 4168 ucioptntus,
1073 4090 1221 4167 quemnam
1248 4089 1305 4167 quii

145 4214 220 4257 eum
245 4196 354 4273 ¹centeii
381 4196 448 4259 eius
475 4198 615 4269 enatuere,
644 4194 756 4273 scutris
788 4194 925 4274 defuncti
957 4196 1127 4276 coceineum,
1161 4192 1304 4271 deiceret·

174 4333 293 4373 xxxxnn
304 4332 430 4382 nauseet.
441 4334 473 4372 111
484 4344 536 4383 pars
546 4331 566 4373 u.
1253 4332 1268 4367 a
