3100 4967
1265 327 1330 387 449

700 343 736 391 et
763 355 897 392 rerum.

195 519 235 579 15,
252 517 298 582 16,
312 515 488 587 propheticae
502 514 546 579 26,
563 515 609 580 15,
623 513 668 579 39,
684 514 729 578 14,
794 514 823 580 3,
852 514 919 582 quid
942 514 1083 567 lebannes
1107 514 1140 568 de
1163 533 1196 568 ea
1219 532 1330 569 cornme·

192 608 303 659 sanetae
323 604 346 666 1,
366 605 383 657 6
792 608 876 655 moret
895 608 920 655 et
935 604 1140 671 praetermittat
1156 605 1217 667 407,
1240 604 1272 659 13

157 696 280 751 Lucanus
304 708 418 761 magnus
440 692 468 745 in
498 691 614 743 carmine
640 690 728 744 decla·
756 689 843 743 Maria
859 688 967 758 (attera)
985 692 1046 747 346.
1066 691 1100 744 23
1120 692 1157 745 ai.

193 787 281 837 mator
297 782 379 837 464
757 777 843 831 Maris
862 793 937 831 soror
955 777 1049 831 Lazari
1068 779 1129 847 260,
1156 781 1201 845 16,
1221 782 1281 847 261,
1302 782 1331 846 9,

158 872 243 926 Lucas
267 888 297 925 ex
321 869 376 923 illis
401 868 447 937 qui
472 867 572 936 primos
592 867 729 935 apostolos
792 866 854 927 413.
876 866 922 933 13,
940 867 1002 932 415,
1022 868 1052 931 2,
1071 884 1098 919 u.
1118 868 1153 921 11.
1173 868 1264 937 Magd.

192 955 729 1029 000001001012,19,10110100οω00.
757 954 844 1009 Maris
872 953 1035 1023 Magdslene
1067 956 1135 1025 quid
1167 958 1332 1025 temporibus

193 1042 729 1110 3.ll;eircnsacerdotelemdoministir-
792 1044 897 1110 mmtis,
929 1044 1095 1111 sepulturae,
1127 1036 1353 1101 resurrectionis

192 1154 254 1207 pem
274 1140 355 1204 atque
374 1148 516 1204 personam
540 1135 687 1202 occupatus
705 1133 730 1200 4,
792 1133 900 1186 ramim
903 1133 1002 1199 fecisse
1012 1134 1124 1187 dicmur
1133 1134 1193 1202 362,
1205 1135 1331 1201 7,415,9

194 1227 279 1290 16,5,
301 1225 346 1283 14,
361 1225 387 1291 6,
402 1223 431 1288 1,
450 1223 475 1283 9,
491 1222 520 1287 6,
539 1221 582 1282 92,
604 1221 650 1287 17,
668 1220 729 1283 403,
758 1221 831 1274 Mars
850 1222 895 1283 37,
917 1221 946 1274 11

193 1315 241 1381 21,
259 1310 321 1381 407,
335 1314 364 1375 5,
380 1327 429 1365 cur
441 1326 494 1379 per
511 1310 633 1363 uitulum
646 1310 731 1378 sipni-
758 1308 946 1363 mathematici
964 1326 991 1361 u.
1012 1310 1178 1377 genethliaci

191 1404 300 1473 flectus
318 1401 342 1460 9,
364 1400 397 1453 18
759 1396 917 1451 Matthaeus
938 1399 1009 1451 inter
1024 1400 1164 1466 apostotos
1177 1400 1227 1467 qui
1246 1400 1331 1455 donsi-

159 1492 237 1546 Luna
258 1490 342 1543 soiius
361 1488 449 1541 noctis
469 1487 513 1541 uel
533 1486 616 1540 etiam
635 1485 731 1538 humo·
794 1502 861 1539 num
878 1486 910 1539 in
924 1502 1008 1540 carne
1020 1493 1188 1553 praesentem
1201 1488 1334 1542 uiderunt

192 1580 230 1634 ris
248 1580 386 1647 potestate
400 1574 556 1645 praefulget
567 1576 612 1643 45,
628 1576 660 1628 18
795 1574 820 1637 2,
849 1576 878 1641 9,
905 1576 1014 1643 primnis
1046 1577 1280 1643 euanpeiistarum
1308 1579 1332 1644 3,

156 1667 292 1723 lunaticus
311 1666 371 1732 220,
392 1666 425 1718 14
797 1662 843 1731 10,
882 1664 928 1733 19,
962 1664 1038 1717 saites
1070 1664 1202 1718 Hebro-en
1234 1666 1333 1735 iinpuo

155 1752 542 1825 lisgedsnu.1)almanutha
794 1750 905 1818 scripsit
929 1754 955 1813 4,
983 1752 1014 1819 3,
1042 1752 1102 1813 230,
1129 1754 1174 1819 10,
1199 1755 1260 1817 265,
1285 1756 1332 1811 an:

155 1861 251 1913 magns
272 1844 313 1905 17,
339 1843 367 1907 1,
390 1841 473 1909 magi,
491 1856 559 1907 quos
578 1839 614 1893 ab
629 1840 732 1892 oriente

191 1933 299 1986 uenuse
321 1929 425 1984 Mattb.
445 1935 546 1982 namot
568 1930 594 1994 9,
621 1929 668 1995 14,
688 1930 730 1988 97,

192 2024 222 2087 5,
247 2020 373 2088 repremit
400 2018 469 2085 quid
488 2019 601 2085 sactum
627 2018 664 2070 sit
689 2016 731 2084 98,

191 2110 222 2172 4,
255 2108 362 2161 Haedi
394 2106 564 2175 exspectanti
587 2105 620 2159 cie
643 2121 731 2173 puero

191 2198 264 2250 nihii
283 2194 508 2249 renuntiantibus
523 2195 583 2261 120,
604 2196 650 2259 16,
671 2194 730 2256 121,

795 1840 943 1893 secundum
956 1840 1060 1909 sepiam
1073 1842 1185 1910 stirpem
1198 1844 1331 1897 maurna-

796 1930 897 1983 tionern
916 1928 1021 1981 domini
1032 1930 1151 1999 suscepit
1168 1931 1194 1991 4.
1215 1932 1244 1995 9,
1264 1933 1289 1991 6,
1306 1934 1332 1997 1,

795 2018 838 2087 89,
873 2020 900 2083 1,
927 2019 989 2085 407,
1017 2018 1046 2083 4,
1080 2034 1129 2071 cur
1152 2034 1204 2085 per
1231 2020 1333 2073 leonem

795 2106 970 2177 sipnificotus
982 2107 1021 2161 sit
1039 2108 1063 2171 9,
1084 2107 1130 2173 10,
1149 2110 1208 2161 eius
1220 2108 1332 2161 uacatio

797 2197 855 2261 140,
875 2198 905 2261 5,
927 2197 986 2263 162,
1006 2198 1035 2261 6,
1055 2197 1216 2250 consciuium
1238 2198 1296 2262 163,
1316 2198 1331 2249 6

195 2280 731 2353 17000310000110016,17,21,14;53,6
758 2284 891 2338 Matthias
909 2284 940 2337 in
959 2285 1047 2338 iocum
1063 2284 1153 2338 Iudae
1170 2286 1335 2353 subsequtus

155 2374 280 2429 Mulchns
298 2374 360 2439 287,
382 2372 414 2425 12
795 2374 857 2437 371,
876 2374 907 2440 2,
927 2374 988 2439 379,
1008 2375 1042 2426 23

156 2462 313 2517 mandatum
344 2478 473 2531 magnum
502 2460 557 2513 duo
582 2465 732 2527 praecepta
759 2460 857 2515 Medea
874 2462 935 2525 340,
957 2462 990 2516 19

192 2550 347 2605 dilectionis
365 2552 427 2615 244,
448 2550 481 2604 10
759 2550 883 2603 Minerua
902 2550 944 2617 31,
965 2550 999 2602 22

156 2639 392 2693 manifestationes
414 2656 442 2690 u.
466 2636 730 2706 repraesentationes
759 2640 878 2707 Moyses:
902 2656 951 2706 per
973 2654 1034 2692 eum
1062 2639 1195 2693 liberatus
1214 2640 1336 2707 populus

155 2744 253 2781 manus
272 2726 349 2781 arida
369 2727 428 2792 184,
448 2728 462 2776 7
795 2727 906 2781 Israbel
916 2734 1018 2781 terram
1027 2728 1222 2795 promissionis
1232 2729 1334 2794 accepit

157 2816 262 2869 Marcus
282 2832 312 2868 ex
330 2814 387 2867 illis
406 2812 453 2882 qui
471 2814 573 2883 primos
591 2812 731 2881 apostolos
795 2817 838 2883 39,
858 2818 888 2881 3,
905 2822 1054 2884 praecepto
1068 2816 1106 2869 od
1120 2832 1179 2868 eum
1196 2816 1333 2881 7001040,

192 2904 376 2974 sequebantur
384 2904 410 2971 2,
422 2904 468 2969 19,
477 2901 597 2955 remmio
608 2902 667 2955 loco
678 2918 729 2955 scr.
795 2906 825 2969 7,
837 2904 988 2971 adoptatus
997 2906 1040 2965 85,
1051 2905 1080 2969 3,
1091 2903 1159 2971 qnid
1164 2906 1335 2972 praeceperit

193 2994 217 3054 3,
235 2994 280 3058 11,
299 2992 438 3045 breuiator
456 2994 485 3045 et
502 2989 668 3060 pedisequus
686 2992 730 3044 uei
795 2992 828 3045 de
846 2992 940 3045 libello
958 2992 1070 3061 repudii
1088 2993 1149 3055 223,
1171 2993 1200 3054 3,
1219 3009 1247 3048 u.
1263 2992 1332 3045 nisio

192 3097 279 3134 comes
298 3079 441 3133 Muttbaei
457 3080 483 3147 4,
504 3079 550 3142 12,
569 3081 594 3140 6,
619 3080 650 3144 8,
668 3079 729 3138 406,
761 3082 857 3134 mulier
875 3096 944 3150 quae
968 3081 1066 3134 fluxum
1087 3081 1227 3148 sanguinis
1246 3082 1333 3151 patie-

192 3171 239 3236 24,
257 3170 375 3223 hominis
394 3168 482 3236 figura
495 3168 667 3236 significatus
687 3167 730 3233 10,
795 3170 876 3223 batur
896 3170 955 3231 151,
977 3170 1023 3235 18,
1045 3170 1104 3235 170,
1124 3171 1138 3223 7

193 3258 221 3323 3,
240 3275 293 3327 quo
313 3265 430 3325 tempore
447 3257 588 3325 scripserit
601 3257 664 3321 405,
685 3257 730 3322 19,
759 3258 885 3311 mulieres
905 3275 992 3327 prope
1015 3274 1119 3312 crucem
1141 3264 1248 3311 stantes
1272 3259 1333 3319 347,

191 3347 265 3400 sende
282 3347 394 3399 initium
407 3352 499 3399 sumat
512 3346 652 3413 monpeiii
670 3346 730 3411 113,
797 3347 842 3411 11,
862 3364 919 3416 qua
937 3346 1007 3400 bora
1029 3348 1157 3399 uerserint
1180 3346 1219 3399 od
1236 3362 1332 3399 monu-

193 3434 242 3501 20,
261 3436 358 3502 394,4
794 3443 914 3489 mentum
942 3438 1005 3504 354,
1039 3436 1067 3501 1,
1096 3434 1129 3489 de
1160 3440 1333 3488 monumento

156 3522 242 3577 Maria
250 3524 328 3591 uirgo
340 3522 603 3592 cognataiilisabcth
616 3522 730 3576 detribu
789 3525 958 3592 sapientium
965 3526 1046 3580 timor
1056 3524 1219 3593 etpoudium
1229 3524 1288 3587 353,
1300 3524 1333 3577 14

193 3612 365 3667 secerdotum
379 3616 405 3674 5,
417 3612 463 3673 18,
477 3614 503 3680 9,
518 3614 613 3676 21,οι
628 3612 730 3665 semine
758 3613 875 3666 muudus
908 3630 975 3665 nunt
1003 3613 1105 3667 babeat
1138 3614 1261 3666 animam
1290 3613 1333 3669 34.

193 3699 327 3754 Abraham
348 3700 390 3768 38,
411 3702 458 3767 15,
484 3700 516 3754 de
536 3701 621 3771 stirpe
639 3700 731 3755 Dauid
796 3701 842 3769 19,
861 3700 956 3755 mundi
975 3702 1036 3755 finis
1056 3704 1117 3769 251,
1140 3703 1171 3755 19

192 3792 234 3857 84,
254 3791 284 3854 9,
303 3789 438 3857 accomodo
451 3791 490 3843 sit
507 3790 610 3843 conium
624 3790 667 3851 82,
685 3790 729 3845 13:
757 3791 914 3861 mysterium
929 3791 1046 3861 corporis
1057 3791 1234 3859 etsanguinis
1244 3807 1332 3857 quan·

191 3878 343 3945 conceperit
360 3880 403 3937 95,
425 3879 452 3944 1,
468 3878 657 3947 Capharnaum
670 3895 731 3931 mem
795 3879 829 3932 do
858 3880 988 3933 dominus
1014 3881 1167 3933 instituerit
1192 3878 1253 3941 268,
1288 3879 1332 3934 14:

188 3966 250 4035 filio
276 3968 334 4025 139,
364 3966 412 4030 22,
447 3967 508 4033 141,
541 3967 588 4023 23,
617 3968 730 4035 000000
794 3968 855 4035 270,
876 3968 909 4021 16
927 3969 1051 4037 mysterii
1069 3969 1135 4021 certi
1154 3982 1241 4021 causa
1260 3966 1333 4020 ocuti

187 4054 281 4122 fitium
301 4055 340 4107 aci
358 4055 456 4108 turbas
469 4056 625 4123 loquentem
643 4058 728 4110 inter·

187 4144 338 4210 peticuerit
362 4144 422 4204 189,
443 4145 488 4211 13,
516 4146 599 4199 iuxta
626 4162 730 4199 curcua

190 4233 293 4285 stetisse
324 4232 428 4286 dicitru
461 4249 479 4285 a
506 4234 636 4287 Iohanne
669 4234 729 4297 348,

182 4338 299 4377 xxxxln
315 4339 373 4388 Aug.
388 4338 449 4379 8001.
465 4339 499 4378 111
514 4350 567 4382 pars
581 4340 602 4377 t.

794 4056 911 4110 duorum
940 4057 1112 4115 tenebantur.
1144 4062 1176 4109 ut
1203 4056 1242 4109 eis
1274 4056 1332 4108 atio

794 4146 898 4215 esfipies
921 4146 1108 4199 ostenderetur
1136 4145 1223 4199 etsie
1246 4144 1333 4197 domi-

794 4252 861 4287 num
883 4251 939 4289 nen
962 4236 1019 4287 nisi
1041 4236 1073 4289 in
1089 4236 1233 4303 fractione
1249 4234 1334 4302 panis

1264 4324 1297 4375 29
