3100 4967
247 318 289 372 de
314 337 506 374 consensu
535 321 1095 393 euangelistarumlib.Ill.cap.
1116 324 1183 379 XIII
1225 329 1290 392 337

135 515 246 578 faueat
275 515 427 580 solutioni
457 515 662 598 quaestionis,
688 513 832 580 simodo
860 515 965 598 possit
992 516 1108 600 aliquis
1136 517 1291 584 articulus

136 621 240 686 conici
263 621 303 685 ab
323 621 399 686 hora
422 641 504 686 nona
527 622 640 699 noctis,
665 622 749 686 unde
774 622 918 705 coepisse
942 641 1133 706 parasceuen
1157 626 1292 708 paschae

134 730 275 806 nostrae,
312 728 344 791 id
378 731 428 793 est
458 728 728 811 praeparationem
767 729 879 794 mortis
918 728 1047 809 Christi,
1085 734 1294 814 congruenter

135 833 386 918 intellegamus?
411 834 437 898 si
457 835 541 898 enim
561 835 704 904 dicamus
725 854 794 900 earn
815 835 970 918 coepisse,
990 837 1116 918 quando
1133 837 1290 905 aludaeis

106 940 355 1022 aadprehensns
381 943 430 1004 est
453 941 612 1017 dominus,
644 941 747 1006 adhuc
776 942 880 1008 noctis
908 942 1029 1024 primae
1056 945 1162 1026 partes
1191 947 1291 1020 srant;

136 1047 176 1124 si,
210 1046 336 1128 qnando
366 1047 405 1110 ad
438 1047 567 1112 domurn
602 1048 775 1130 perductus
810 1052 860 1114 est
892 1049 993 1114 soceri
1026 1048 1144 1126 Caifae,
1177 1049 1233 1115 ubi
1261 1053 1293 1115 et

135 1153 268 1217 auditus
288 1157 338 1218 est
357 1173 374 1216 a
392 1155 588 1238 principibus
610 1155 822 1233 sacerdotnm,
846 1157 951 1220 adhuc
975 1157 1080 1240 gallus
1100 1175 1161 1220 non
1187 1161 1291 1222 canta-

135 1265 236 1334 uerat,
273 1260 357 1341 quod
386 1279 421 1323 ex
451 1260 537 1325 Petri
570 1261 736 1346 negatione
770 1262 964 1346 colligimus,
999 1281 1089 1345 quae,
1123 1281 1194 1327 curn
1228 1263 1291 1328 iarn

136 1366 312 1442 audiretur,
336 1367 420 1430 facta
440 1371 502 1440 est3
529 1368 555 1431 si
576 1371 693 1445 autem,
719 1369 843 1450 quando
863 1369 967 1434 Pilato
987 1369 1124 1433 traditus
1145 1373 1203 1444 est,
1227 1370 1290 1432 iarn

95 1491 118 1528 10
136 1493 229 1538 mane
253 1474 355 1538 fuisse
380 1474 579 1557 apertissime
604 1475 756 1558 scripturn
784 1478 842 1540 est.
871 1479 971 1541 restat
995 1494 1081 1560 ergo,
1109 1480 1146 1540 ut
1168 1476 1291 1540 intelle·

136 1600 251 1666 gamus
280 1585 356 1644 tunc
387 1581 528 1662 coepisse
557 1581 653 1645 istam
681 1601 872 1664 parasceuen
900 1583 1046 1665 paschae,
1075 1582 1108 1646 id
1132 1585 1182 1647 est
1204 1601 1290 1666 prae-

135 1688 333 1770 parationem
350 1688 461 1751 mortis
477 1687 607 1762 domini,
628 1689 752 1769 qnando
767 1688 997 1770 responderunt
1011 1709 1118 1754 ornnes
1133 1689 1290 1772 principes

136 1794 351 1872 sacerdotum,
381 1797 458 1876 aput
487 1813 566 1876 qnos
595 1794 697 1876 primo
726 1795 924 1875 audiebatur,
953 1799 984 1858 et
1013 1795 1171 1860 dixerunt:
1204 1814 1290 1860 reus

136 1904 195 1964 est
226 1900 369 1977 mortis,
400 1899 483 1981 quod
512 1903 590 1983 aput
618 1900 799 1964 Matthoum
827 1906 859 1965 et
886 1901 1030 1966 Marcum
1058 1901 1229 1977 inuenitur,
1253 1904 1289 1966 ut

94 2025 117 2063 n
136 2005 375 2090 recapitulando
404 2005 631 2088 intellegantur
660 2007 697 2070 de
725 2007 811 2071 Petri
839 2008 1007 2090 negatione
1035 2011 1147 2091 postea
1173 2006 1289 2070 dixisse

138 2113 224 2196 quod
250 2117 340 2176 antea
364 2113 482 2176 facturn
509 2117 585 2176 erat.
610 2131 670 2176 non
696 2113 778 2178 enirn
803 2113 938 2178 absurde
963 2115 1118 2178 conicitur
1146 2133 1181 2178 eo
1211 2116 1288 2176 tem-

137 2239 225 2301 pore,
255 2219 390 2300 quando,
419 2221 456 2282 ut
484 2218 557 2294 dixi,
589 2238 677 2282 reum
707 2221 819 2284 mortis
849 2220 1142 2303 pronuntiauerunt,
1175 2238 1288 2284 nonam

137 2327 249 2391 horam
274 2325 376 2389 noctis
401 2343 471 2390 esse
490 2324 645 2407 potuisse.
672 2344 706 2388 er
727 2344 788 2406 qua
808 2325 884 2390 hora
904 2345 1004 2408 usqne
1024 2326 1062 2390 ad
1083 2326 1203 2400 horam,
1227 2344 1290 2406 qua

136 2433 223 2496 sedit
237 2431 361 2496 Pilatus
382 2450 437 2512 pro
456 2430 616 2504 tribunali,
642 2433 734 2512 quasi
753 2435 842 2496 sexta
859 2433 936 2498 hora
954 2433 1025 2506 fuit,
1050 2452 1110 2497 non
1135 2431 1208 2508 diei,
1232 2429 1288 2494 sed

91 2555 116 2593 ro
135 2557 337 2620 parasceues,
366 2537 398 2600 id
428 2540 477 2602 est
503 2537 731 2602 immolationis
760 2538 889 2616 domini,
913 2539 997 2620 quod
1029 2558 1141 2604 norum
1171 2537 1290 2620 paseha

135 2651 195 2722 est,
222 2649 258 2708 ut
277 2646 370 2728 plena
393 2647 480 2708 serta
503 2643 645 2708 eiusdem
670 2664 869 2726 parasceues,
893 2665 973 2726 quae
997 2647 1090 2730 plena
1113 2645 1175 2709 diei
1195 2644 1288 2708 tertia

134 2752 333 2826 occurrebat,
367 2750 513 2816 domiuus
554 2750 799 2832 suspenderetur
832 2752 861 2814 in
891 2751 989 2834 ligno.
1023 2752 1092 2815 siue
1126 2769 1200 2834 ergo
1228 2750 1288 2816 hoc

133 2859 245 2942 potius
278 2856 529 2940 intellegendum
563 2856 709 2936 eligatur,
747 2856 816 2921 siue
849 2858 975 2921 Marcus
1013 2857 1140 2921 tertiam
1177 2856 1287 2920 horam

228 3120 261 3172 13
281 3117 379 3171 Matth.
399 3119 442 3181 36,
462 3119 511 3181 66;
531 3118 613 3174 Marc.
634 3119 676 3184 14,
696 3118 730 3170 64
806 3119 838 3170 19
858 3119 892 3172 cf.
911 3118 1011 3172 Matth.
1030 3119 1073 3183 27,
1093 3120 1127 3170 45
1197 3118 1232 3170 23
1253 3119 1286 3173 cf.

134 3206 220 3260 Marc.
244 3209 285 3268 15,
304 3206 339 3258 215

172 3331 377 3401 lqnaertionis
397 3331 423 3383 B
483 3330 551 3383 alius
567 3348 588 3398 p
643 3330 858 3400 2coepissetQ
917 3346 1062 3398 parasceue
1082 3331 1109 3382 B
1164 3332 1286 3384 3nostri

135 3418 539 3490 C²VN²peddpraeterp
584 3419 801 3474 41111111.Βῖίῖ1
847 3420 1037 3474 6111111011)
1074 3420 1289 3474 11110111.οΡ

136 3511 170 3562 10
188 3508 369 3576 intellegatur
387 3507 568 3578 HAELpp
625 3509 655 3562 13
675 3509 789 3578 primurn
805 3509 1030 3578 HAELppel
1080 3509 1287 3562 1411101111ι

134 3595 437 3669 16111111ΗΑΕ11γχ
521 3599 728 3670 conuinciturd
813 3603 855 3668 eol
875 3597 970 3652 eodem
988 3596 1029 3651 13²
1113 3600 1285 3666 temporeeo

134 3690 233 3744 actm
291 3685 438 3740 1111011111
457 3703 554 3740 nonam
575 3687 634 3740 cdd.
648 3691 764 3755 praeter
778 3705 799 3756 p
807 3705 825 3756 p
877 3689 908 3740 18
924 3687 1044 3756 potuisse
1060 3703 1117 3740 esse
1132 3686 1204 3756 Eup.
1223 3685 1286 3740 Vct.

133 3779 199 3848 qua]
221 3779 249 3830 in
270 3792 357 3844 quar
413 3777 445 3829 19
465 3776 554 3846 quasi]
575 3775 682 3844 quando
697 3793 728 3846 p,
749 3793 836 3846 quap
912 3777 979 3830 hora
997 3780 1073 3830 serta
1092 3775 1173 3829 ΑΕΒ
1191 3793 1206 3843 γ
1225 3774 1285 3828 edd.

130 3873 280 3936 praeterp
357 3865 400 3918 die
420 3864 446 3918 L
499 3860 516 3922 ’,
537 3865 572 3918 20
590 3865 796 3936 immolationis]
817 3862 1033 3934 praeparationis
1052 3863 1248 3919 immolationis
1268 3865 1286 3934 ψ

134 3955 195 4012 ecc.
211 3959 388 4024 praetcrpp
479 3954 562 4023 quod]
584 3953 725 4024 quandor
820 3955 852 4008 21
874 3955 965 4024 plenia
983 3954 1022 4008 B¹
1113 3953 1200 4021 serta]
1219 3951 1285 4008 add.

134 4050 242 4113 essetp
316 4043 350 4096 22
371 4042 541 4111 occurrebat]
562 4043 628 4096 111111.
649 4046 679 4094 ut
697 4042 764 4096 A¹L
782 4059 808 4110 p,
827 4042 987 4096 decurrebat
1008 4043 1031 4112 Q
1106 4038 1287 4110 suspendetur

132 4133 229 4187 Am
322 4132 484 4199 tangatur
506 4132 554 4188 ΟΡ
568 4148 596 4200 p,
617 4134 659 4184 est
679 4131 797 4200 eligatur
820 4131 851 4200 V,
871 4133 992 4201 erigatur
1011 4128 1051 4185 N¹
1138 4129 1207 4198 siue]
1228 4127 1286 4180 siue

133 4221 207 4291 quod
227 4222 261 4274 ct

163 4346 282 4385 xxxxlll
300 4345 358 4393 nug.
375 4344 433 4386 aren.
450 4345 482 4383 Ill
499 4355 550 4394 pars
565 4342 584 4384 l.
1215 4321 1250 4374 22
