3100 4967
262 298 326 361 384
388 295 389 299 ’
620 295 646 347 S.
670 293 807 347 Aureli
836 294 1055 362 Augustini

260 492 372 573 inquit,
405 488 589 572 discipuli
627 489 804 554 abierunt
840 488 875 551 in
915 487 1124 553 Galilaeam
1163 488 1196 551 in
1237 494 1405 552 montem.

260 598 324 661 uhi
349 596 610 661 constituerat
631 594 714 660 illis
738 595 861 661 Iesus.
888 594 1152 661 17stridentes
1176 613 1259 659 eum
1285 594 1405 659 adore-

261 708 412 779 uerunt;
451 703 602 785 qnidam
639 706 762 767 autern
801 701 1085 767 dubitauerunt.
1131 698 1196 765 ¹⁸et
1224 702 1405 765 accedens

261 811 369 875 Iesus
397 811 555 874 locutus
584 813 644 873 est
677 808 732 873 eia
762 808 910 873 dicans:
953 806 1042 872 data
1074 813 1132 871 ast
1165 807 1256 871 mihi
1291 808 1407 872 omnis

260 919 438 998 potestas
470 916 506 979 in
537 915 640 981 caelo
675 918 710 980 et
746 916 782 979 in
821 918 929 979 terra.
959 910 1121 979 ¹⁹euntes
1155 933 1242 997 ergo
1277 913 1407 979 docete
1436 939 1447 977 a

262 1042 390 1087 omnes
424 1026 559 1105 gentes
591 1022 833 1104 baptizantes
872 1040 934 1085 eos
972 1021 1008 1085 in
1042 1020 1188 1085 nomine
1220 1021 1341 1103 patris
1375 1025 1409 1084 et

259 1129 341 1193 filii
365 1133 401 1193 et
425 1130 589 1212 spiritns
613 1129 745 1205 sancti,
772 1128 981 1193 ²⁰dooantes
1006 1147 1069 1193 eos
1104 1146 1256 1192 seruare
1290 1127 1408 1191 omnia

261 1254 523 1319 quaecumque
551 1235 725 1300 mandaui
753 1235 874 1301 uobis.
918 1239 955 1300 et
988 1254 1073 1300 ecce
1108 1253 1174 1318 ego
1213 1234 1408 1299 uobiscum

261 1362 343 1407 sum
367 1342 541 1408 omnibus
566 1342 700 1406 diebus
729 1340 920 1424 usquead
945 1342 1311 1408 consummationem
1335 1360 1408 1405 sae·

261 1450 346 1515 culi.
370 1450 416 1513 ita
438 1448 603 1514 Mattheus
628 1449 745 1513 clausit
769 1448 971 1535 euangelium
996 1468 1101 1514 snum.
1426 1470 1449 1507 n·

193 1556 235 1617 80
303 1557 350 1621 Ac
372 1575 429 1640 per
452 1556 523 1631 hoc,
548 1557 575 1620 si
599 1557 733 1620 aliorum
757 1556 974 1621 consideratae
997 1557 1190 1621 narrationes
1215 1555 1254 1619 ad
1279 1555 1408 1639 diligen-

258 1663 372 1727 tiorem
391 1661 631 1744 inquisitionem
651 1681 712 1726 non
736 1663 962 1745 conpellerent,
982 1662 1062 1726 nihil
1081 1662 1166 1727 aliud
1187 1660 1411 1727 arbitraremur

258 1769 320 1834 nisi
340 1769 503 1835 dominum
522 1772 598 1851 post
613 1769 878 1834 resurrectionem
898 1788 1055 1851 nusquam
1075 1772 1198 1851 praeter
1215 1770 1247 1834 in
1268 1767 1410 1835 Galilaea

259 1877 396 1958 primum
412 1894 483 1940 esse
498 1896 516 1939 a
530 1875 698 1958 discipulis
712 1876 831 1940 uisum.
846 1876 934 1954 item,
951 1876 978 1939 si
993 1875 1121 1940 Marcus
1136 1876 1174 1940 de
1187 1876 1243 1940 illa
1259 1894 1409 1959 praenun-

258 1982 391 2046 tiatione
410 1981 515 2065 angeli
533 1982 698 2054 tacuisset,
717 1984 828 2064 posset
847 1983 994 2071 cuiquam
1009 1982 1124 2064 -pntari
1149 1982 1314 2047 Mattheus
1339 1982 1406 2046 ideo
1425 2002 1449 2041 a

259 2088 375 2153 dixisse
408 2088 586 2171 discipulos
614 2088 718 2152 abisse
746 2088 778 2151 in
809 2087 983 2153 Galilaeam
1015 2090 1046 2152 in
1075 2092 1215 2153 montem
1239 2089 1343 2172 adque
1366 2088 1407 2153 ihi

258 2169 407 2260 adorasse
425 2194 599 2271 dominum,
624 2197 661 2257 ut
678 2194 844 2276 impletum
866 2193 1029 2259 uideretur·
1047 2194 1131 2276 quod
1150 2194 1218 2279 ipse
1237 2214 1294 2277 per
1317 2212 1407 2278 ange·

257 2303 324 2365 lum
342 2300 528 2365 mandatnm
547 2319 582 2364 ae
605 2294 863 2383 praenuntiatum
887 2320 956 2365 esse
981 2307 1171 2365 nerrauerat.
1195 2320 1277 2365 nnnc
1300 2304 1406 2367 autem

138 2393 143 2403 ⁸
257 2412 290 2474 at
316 2407 419 2473 Lucas
453 2427 489 2472 ac
521 2408 677 2472 Iohannes
710 2407 790 2471 satis
823 2407 963 2472 dilucide
990 2408 1232 2473 manifestantes
1260 2408 1330 2491 ipso
1359 2408 1407 2472 die

257 2514 497 2579 resurrectionis
535 2515 603 2579 eins
641 2513 748 2578 uisum
788 2533 858 2579 esse
895 2513 1057 2577 dominum
1091 2515 1122 2578 in
1154 2512 1358 2579 Hierusalem
1391 2532 1449 2577 aro

259 2620 425 2703 discipulis
455 2620 534 2699 suis,
568 2620 651 2685 unde
679 2620 724 2684 ita
753 2621 846 2705 longe
875 2624 925 2685 est
954 2620 1107 2698 Galilaea,
1137 2624 1172 2685 ut
1199 2640 1261 2685 uno
1291 2620 1342 2684 die
1370 2622 1407 2684 ab

258 2726 304 2792 eis
333 2732 470 2809 utroquo
498 2728 569 2791 loco
598 2726 701 2791 uideri
724 2746 784 2791 non
809 2731 930 2809 posset,
960 2730 992 2791 et
1014 2728 1142 2791 Marcus
1165 2726 1256 2791 illam
1279 2726 1406 2810 quidem

257 2833 504 2915 praedictionem
523 2834 629 2916 angeli
647 2834 797 2897 similiter
820 2852 959 2909 narrans,
983 2834 1015 2896 in
1036 2832 1178 2897 Galilaea
1201 2852 1278 2897 uero
1303 2834 1406 2899 uisum

258 2959 277 3003 a
304 2940 471 3021 discipulis
499 2939 665 3003 dominum
692 2944 767 3022 post
794 2934 1057 3005 resurrectionem
1086 2958 1243 3020 nusquam
1273 2958 1407 3003 comme·

257 3065 383 3111 morans
420 3047 624 3109 uehementer
657 3050 776 3129 cogunt
803 3064 961 3128 quaerere,
990 3045 1258 3128 quemadmodum
1288 3046 1408 3110 dictum
1426 3064 1450 3107 a

351 3307 384 3359 14
403 3306 435 3359 of,
455 3306 537 3359 Marc.
559 3307 601 3369 16,
620 3308 635 3359 7
693 3308 725 3359 19
745 3306 778 3359 ef.
798 3306 863 3359 Luc.
882 3306 924 3369 24,
945 3306 992 3369 33;
1013 3306 1046 3359 cl.
1066 3306 1123 3358 loh.
1144 3306 1187 3369 20,
1208 3306 1241 3359 13

295 3482 370 3535 eibi
388 3482 427 3535 Β1
499 3482 635 3553 uidentes]
656 3483 720 3537 odd.
739 3483 782 3536 ihs
802 3482 840 3535 B1
913 3483 1019 3553 Gpatri
1038 3482 1077 3535 Βι
1150 3481 1282 3537 7111111
1364 3498 1409 3534 eos
1524 3546 1525 3557 γ

258 3586 312 3625 orn.
335 3571 429 3625 AM
519 3573 637 3643 seruare]
661 3589 784 3626 sermone
808 3572 846 3625 B²
936 3572 952 3625 8
976 3571 1104 3625 mandare
1127 3572 1154 3624 B
1246 3576 1274 3625 et
1296 3588 1348 3625 om.
1371 3570 1408 3624 Β1
1524 3604 1525 3609 =

259 3662 355 3715 9111111
374 3661 509 3714 111.οΨ
581 3661 612 3714 12
632 3660 1075 3716 11111-111111111111111111011111ι
1157 3661 1345 3729 conpellerent
1362 3659 1408 3715 13².
1524 3660 1525 3675 ¹

260 3750 419 3819 conplerent
437 3763 535 3819 (comp.
555 3751 591 3813 L)
609 3748 736 3804 Ham
791 3750 953 3803 arbitremur
970 3748 1096 3803 HAE²L
1153 3750 1185 3803 13
1205 3756 1377 3821 preterquam
1395 3766 1411 3803 r
1524 3806 1525 3825 ᾖ

261 3839 387 3907 galileam
410 3838 642 3893 0P1N¹AE¹L
697 3838 776 3908 141]
798 3838 830 3891 ad
850 3839 877 3892 B
943 3839 974 3891 15
995 3856 1017 3891 c.
1037 3838 1138 3908 putari]
1157 3838 1258 3908 aliquis
1278 3844 1408 3909 putarep
1524 3852 1525 3895 t

263 3928 295 3980 17
315 3927 453 3995 angelum]
473 3928 644 3995 euangelium
664 3926 790 3981 flam
877 3927 909 3980 19
928 3944 959 3982 ac
978 3926 1065 3980 BRD
1086 3925 1135 3979 ΟΡ
1151 3926 1212 3997 MQ
1229 3926 1316 3980 ΗΕΒ
1330 3944 1410 3995 pyr,
1524 3930 1525 3951 ¹

261 4018 290 4068 et
313 4022 359 4070 cet.
509 4015 597 4069 deluei
619 4016 668 4069 ΟΡ
791 4016 1006 4071 manifestamtes
1028 4016 1064 4080 B,
1088 4016 1266 4071 marrilestent
1283 4015 1409 4071 Hem

260 4105 293 4157 21
315 4105 483 4173 galilaeaant
499 4106 527 4157 B
634 4110 748 4176 utroque
767 4106 827 4159 loco
847 4106 881 4159 ab
901 4108 940 4159 eis
958 4106 1053 4177 MQr
1160 4106 1194 4157 22
1213 4108 1342 4175 utroque}
1362 4112 1408 4159 ant

261 4196 376 4260 utroque
395 4194 431 4259 B,
449 4198 593 4263 utrumque
614 4194 664 4246 ΟΡ
715 4195 749 4247 23
769 4194 999 4264 praedicationem
1018 4194 1104 4247 DVc
1122 4192 1284 4261 HAE¹Lp
1524 4188 1525 4231 l
