3100 4967
242 332 307 396 248
596 330 622 383 S.
650 329 791 385 Aureli
818 330 1035 399 Augustini

241 525 389 608 quidam
413 526 654 602 Pharisaeus,
674 528 716 590 ut
734 525 935 609 pranderet
953 528 1044 609 aput
1063 545 1112 603 se,
1133 528 1171 589 et
1193 526 1401 611 ingressus

240 632 425 697 recubuit.
449 632 708 697 ³³Pharisaeus
734 637 857 697 autem
882 632 1008 713 coepit
1031 633 1129 696 intra
1153 652 1192 697 se
1211 638 1402 715 reputans

241 739 376 817 dicere,
402 757 514 821 quare
537 759 606 804 non
625 739 846 822 baptizatus
870 742 974 804 esset
993 741 1077 803 ante
1096 737 1305 821 prandium.
1329 738 1404 802 ⁸⁹et

240 845 294 909 ait
326 844 499 910 domiuus
531 845 575 909 ad
606 845 733 909 illum:
767 864 864 909 nunc
896 864 963 909 uos
990 845 1188 910 Pharisaei
1217 845 1319 927 quod
1355 846 1402 908 de

240 951 334 1016 loris
368 955 426 1016 est
458 951 592 1019 calicis
627 954 663 1016 et
696 951 814 1015 catini
851 951 1049 1016 mundatis.
1086 952 1189 1034 adque
1221 952 1294 1016 hinc
1331 953 1400 1017 iam
1431 969 1445 1006 ⁵

240 1061 345 1123 cetera
366 1058 398 1123 iu
423 1041 551 1122 eosdem
572 1058 761 1123 Pharisaeos
786 1063 819 1122 et
841 1058 961 1123 scribas
985 1062 1018 1123 et
1038 1059 1120 1142 legis
1144 1058 1291 1124 doctores
1316 1060 1404 1123 talia

240 1165 317 1230 dicit
349 1165 455 1247 qualia
481 1164 644 1229 Mattheus
677 1164 738 1229 hoc
770 1165 852 1241 loco,
886 1142 1095 1246 quem⁰nunc
1128 1166 1400 1230 considerandum

240 1273 450 1355 suscepimus.
481 1290 673 1355 quamquam
701 1291 776 1356 ergo
805 1272 851 1335 ita
877 1271 940 1336 ista
967 1272 1126 1339 Mattheus
1154 1278 1402 1348 commemoret,

241 1384 287 1458 ut,
310 1380 457 1462 quamuis
481 1378 610 1442 domum
633 1379 723 1444 illius
746 1378 910 1443 Pharisaei
932 1398 993 1443 non
1021 1380 1174 1455 nominet,
1198 1399 1260 1445 non
1286 1383 1402 1445 tamen

239 1486 346 1550 locum
384 1485 546 1568 exprimat,
580 1486 634 1550 ubi
668 1485 753 1549 dicta
789 1484 864 1556 siut.
897 1504 959 1566 quo
996 1488 1154 1568 repugnet
1189 1485 1313 1567 aliquid
1349 1485 1401 1549 illi
1421 1506 1446 1542 ιο

242 1592 359 1670 domui,
370 1596 475 1656 tamen
486 1594 561 1674 quia
574 1593 636 1657 iam
652 1592 783 1656 uenerat
796 1590 944 1655 dominus
958 1590 991 1655 in
1004 1591 1204 1656 Hierusalem
1220 1592 1405 1657 aGalilaea

240 1702 272 1763 et
294 1702 369 1780 post
392 1698 460 1763 eius
485 1698 657 1763 aduentum
681 1699 728 1762 ita
751 1698 913 1780 superiora
931 1716 1033 1779 usque
1052 1698 1091 1762 ad
1110 1698 1193 1763 hunc
1212 1718 1402 1763 sermonem

241 1808 457 1869 contexuntur.
484 1808 522 1869 ut
546 1804 752 1889 probabiliter
780 1804 975 1888 accipiantur
1002 1805 1033 1867 in
1057 1804 1259 1869 Hierusalem
1290 1811 1401 1889 gesta,

240 1910 342 1975 Lucas
366 1914 473 1975 autem
496 1910 578 1976 illud
600 1912 713 1989 narrat,
739 1929 812 1974 oum
836 1909 940 1974 adhuc
965 1909 1111 1974 dominus
1139 1910 1199 1975 iter
1226 1916 1342 1994 ageret
1366 1914 1402 1975 in

240 2016 449 2097 Hierusalem,
468 2016 618 2082 uidentur
638 2016 718 2081 mihi
741 2016 862 2082 similes
887 2015 947 2081 duo
972 2035 1044 2081 esse
1062 2035 1233 2093 sermones,
1254 2036 1400 2100 quorum
1419 2038 1446 2078 ιε

239 2123 295 2188 ille
318 2125 463 2189 alterum.
487 2124 623 2188 alterum
645 2124 706 2188 iste
730 2122 878 2187 manauit.

155 2224 217 2287 145
287 2228 367 2293 Sane
390 2230 652 2295 considerandum
676 2234 735 2308 est,
759 2229 918 2311 quomodo
942 2228 995 2293 hic
1018 2229 1139 2293 dictum
1158 2230 1216 2293 sit:
1239 2249 1313 2294 non
1340 2250 1401 2295 me

241 2336 427 2401 uidebitis
452 2336 592 2414 amodo,
618 2337 733 2402 donec
757 2336 912 2401 dicatis:
936 2336 1161 2400 benedictus
1191 2337 1255 2417 qui
1285 2338 1402 2401 uenit

241 2443 449 2508 innomine
478 2442 629 2523 domini,
654 2463 727 2508 cum
755 2442 931 2508 secundum
959 2443 1093 2507 eundem
1116 2442 1299 2507 Mattheum
1330 2445 1402 2509 iam

240 2550 301 2614 hoc
320 2548 462 2615 dixerint.
482 2554 514 2615 et
531 2551 635 2615 Lucas
654 2550 737 2615 enim
757 2550 835 2614 dicit
853 2550 913 2614 hoc
933 2568 1003 2614 esse
1021 2568 1209 2632 responsum
1229 2550 1401 2615 adomino
1419 2570 1447 2609 so

240 2656 306 2721 illis
335 2657 388 2739 qui
417 2677 489 2722 eum
518 2659 715 2734 monuerant,
743 2660 781 2721 ut
807 2656 869 2720 iret
895 2655 978 2733 inde,
1007 2657 1156 2737 quoniam
1185 2656 1286 2721 uellet
1320 2676 1401 2721 eum

240 2762 383 2829 Herodes
416 2764 568 2829 occidere.
600 2764 645 2829 ibi
678 2763 773 2829 etiam
806 2762 960 2827 aduersus
989 2763 1093 2845 ipsam
1118 2763 1325 2827 Hierusalem
1362 2782 1403 2828 ea

240 2887 370 2952 prorsus
395 2869 491 2934 uerba
513 2870 552 2933 ab
576 2868 630 2934 illo
655 2887 725 2933 esse
750 2868 837 2933 dicta
864 2871 1100 2944 commemorat,
1125 2886 1205 2949 quae
1233 2868 1288 2932 hic
1312 2868 1401 2933 Mat·

242 2975 347 3039 theus.
381 2976 427 3040 sic
460 2976 542 3040 enim
576 2980 718 3039 narratur
746 2972 921 3039 secundum
949 2974 1083 3038 Lucam:
1119 2972 1183 3037 ³¹in
1215 2974 1302 3057 ipsa
1337 2974 1402 3039 die

331 3217 348 3269 d
368 3216 401 3269 cf.
421 3215 485 3268 leuc.
507 3217 549 3283 11,
569 3216 675 3269 37-52
747 3216 779 3269 17
798 3216 897 3269 Hatth.
917 3218 960 3281 23,
980 3217 1014 3271 39
1085 3217 1119 3271 19
1137 3216 1172 3270 el.
1190 3216 1291 3273 Hatth.
1313 3218 1361 3286 21,
1382 3222 1400 3273 9

242 3306 277 3359 24
291 3304 371 3359 *Luc
393 3304 436 3371 13,
455 3304 562 3359 31-35

280 3430 292 3482 1
313 3429 436 3483 farisaeis
454 3430 493 3481 B¹
567 3432 594 3484 et
613 3430 752 3499 ingressus
770 3429 896 3483 recubuit
914 3446 966 3483 om.
985 3428 1083 3483 HE¹L
1154 3430 1307 3501 ingressus]
1329 3432 1401 3487 add.

243 3518 351 3572 domum
377 3518 518 3587 OPVFo
542 3520 601 3575 cdd.
621 3525 735 3587 praeter
753 3536 802 3573 em
891 3520 908 3571 2
932 3518 1063 3573 larisseus
1086 3524 1112 3573 et
1133 3520 1215 3589 infra
1236 3519 1354 3575 farisaei
1372 3523 1403 3575 Β

244 3608 343 3678 coepit]
364 3609 459 3677 quepit
477 3607 524 3673 13¹,
544 3609 634 3678 querit
651 3606 692 3661 B²
744 3608 810 3661 3et
828 3624 878 3662 om.
898 3608 925 3661 Β
979 3608 1085 3662 lillud
1102 3607 1142 3661 B¹
1197 3609 1402 3679 8suscipimus

245 3695 269 3765 Q
340 3700 562 3749 commemoraret
579 3695 701 3758 ΒΒΤΙ),
721 3696 957 3766 commemoratQ
1006 3697 1181 3750 9nomineet
1198 3698 1226 3750 Β
1278 3698 1314 3751 13
1333 3718 1401 3769 pro-

242 3781 406 3854 babihusQ
479 3786 512 3837 14
530 3784 570 3837 ita
588 3788 696 3851 regeret
714 3784 751 3835 B¹
829 3785 861 3837 15
881 3783 934 3838 duo
953 3801 1005 3841 om.
1023 3786 1051 3838 Β
1065 3802 1087 3854 p
1157 3786 1191 3840 16
1209 3802 1293 3839 unum
1312 3786 1403 3855 illep

242 3870 295 3925 iste
313 3872 462 3926 alterumr
535 3874 568 3925 17
587 3872 631 3925 hic
650 3888 701 3925 om.
719 3872 755 3935 Β,
775 3873 860 3927 hocr
936 3874 991 3942 me]
1010 3876 1101 3927 tamen
1121 3874 1162 3927 B¹
1234 3875 1267 3929 18
1286 3892 1352 3931 amo
1372 3878 1403 3931 Β

245 3960 277 4013 19
298 3960 411 4014 eundem
430 3977 482 4014 om.
501 3960 538 4013 M
552 3978 571 4030 p
638 3962 775 4015 matheum
796 3961 956 4031 eundemQ
1021 3962 1293 4019 aberrantem)
1372 3974 1402 4020 et

243 4065 294 4103 om.
314 4066 332 4119 χ
350 4048 410 4103 edd.
425 4055 539 4117 praeter
555 4066 608 4118 pm
707 4052 740 4103 21
762 4052 834 4119 cunr]
856 4054 888 4103 ut
904 4051 933 4105 Β
1022 4055 1166 4105 monerent
1184 4052 1232 4121 13¹,
1251 4061 1403 4109 mouerant

243 4136 340 4199 Am,
409 4137 472 4191 inde
491 4138 544 4192 iret
561 4138 599 4191 M
614 4156 648 4209 κχ
666 4139 788 4191 raelm
860 4139 940 4194 uellit
960 4140 1029 4205 C'P,
1049 4140 1117 4194 uelit
1134 4140 1166 4194 F
1211 4142 1247 4195 22
1267 4158 1301 4197 ea
1319 4160 1403 4212 pror-

243 4243 288 4280 sus
309 4244 340 4282 ea
358 4228 386 4280 Β
440 4228 474 4281 23
495 4226 569 4282 dicta
586 4244 637 4281 orn.
659 4226 743 4281 HEL
761 4245 776 4295 γ
832 4228 965 4281 241ucan
987 4228 1038 4282 GP
