3100 4967
264 336 307 389 de
336 352 433 389 cons.
463 335 806 403 euangelisturnm
825 334 872 391 lib.
892 333 942 391 Ill.
962 351 1020 403 cap.
1039 334 1112 387 XXV
1222 339 1286 401 381

138 532 271 616 signis.
301 550 374 595 cum
399 549 473 615 ergo
498 529 591 595 dicit:
616 534 654 595 et
686 529 861 597 dominus
896 529 1058 613 quidem,
1087 532 1286 613 postquam

137 638 292 703 locutus
318 642 376 703 est
400 638 465 715 eis,
489 637 691 703 adsumtos
715 641 776 701 est
804 638 839 701 in
868 637 1027 713 caelum,
1053 636 1132 701 satis
1160 636 1290 701 uidetur

137 744 304 809 ostendere
322 744 535 809 nouissimum
554 763 626 809 cum
646 744 712 809 illis
725 743 758 807 in
772 748 857 809 terra
871 745 955 809 hunc
970 764 1042 808 eum
1058 742 1210 810 habuisse
1225 762 1286 809 ser·

136 870 274 930 monem,
299 852 445 934 quamuis
464 870 526 916 non
547 852 632 915 omni
656 851 750 916 modo
771 850 810 915 ad
829 850 862 915 id
882 854 1023 915 coartare
1046 850 1203 915 uideatur.
1226 854 1287 915 non

107 958 219 1023 aenim
253 958 299 1023 ait
329 961 507 1040 ‘postquam
536 958 614 1021 haec
641 957 768 1024 locutus
802 962 852 1022 est
884 958 952 1033 eis‘,
982 957 1052 1021 sed:
1086 960 1287 1039 postquam

135 1064 290 1130 locutus
318 1068 378 1130 ost
406 1065 472 1140 eis,
506 1064 589 1129 unde
617 1065 769 1140 admittit,
799 1064 825 1129 si
856 1064 1030 1129 necessitas
1060 1066 1197 1148 cogeret,
1226 1084 1287 1128 non

135 1172 230 1235 istam
250 1172 350 1236 fnisse
374 1172 582 1237 nouissimam
606 1172 801 1237 locutionem
816 1190 883 1236 nec
905 1171 1004 1236 istum
1027 1172 1128 1236 fuisse
1151 1170 1304 1236 nouissi·‘

134 1297 222 1341 mum
244 1276 338 1348 diem,
363 1297 424 1360 quo
445 1277 541 1343 eisin
564 1280 648 1342 terra
665 1296 815 1360 praesens
834 1278 907 1353 fuit,
933 1278 989 1343 sed
1013 1278 1052 1341 ad
1077 1278 1183 1343 omnia
1205 1296 1288 1361 quae

15 1399 18 1408 ’
134 1383 274 1449 cumeis
295 1384 442 1449 omnibns
460 1384 527 1449 illis
546 1384 659 1449 diebus
678 1386 806 1449 locutus
832 1388 882 1449 est
903 1403 998 1466 posse
1022 1384 1177 1468 pertinere
1202 1384 1286 1466 quod

94 1510 117 1549 ro
133 1489 257 1555 dictum
281 1493 346 1554 est:
368 1496 572 1575 postquam
597 1491 749 1557 locutus
774 1490 920 1569 osteis,
945 1490 1143 1556 adsumtos
1168 1489 1285 1555 estin

14 1585 18 1688 ζ
133 1597 288 1663 eaelum.
335 1598 390 1662 sed
428 1598 503 1680 qnia
535 1618 572 1663 ea
603 1617 684 1680 quae
716 1617 813 1680 supra
846 1598 982 1662 diximus
1016 1599 1119 1683 magis
1152 1598 1288 1663 suadent

15 1711 18 1722 '
131 1704 217 1769 hunc
235 1705 447 1769 nouissimum
468 1705 551 1770 diem
569 1706 682 1782 fuisse,
706 1723 802 1788 quam
821 1709 859 1770 nr
875 1705 1104 1789 intellegantur
1126 1704 1285 1783 undecim,

132 1811 187 1894 qni
206 1810 330 1876 Thema
347 1812 477 1877 absente
496 1812 608 1876 decem
626 1812 762 1889 fuerunt,
788 1812 858 1877 ideo
878 1816 953 1895 post
977 1812 1056 1877 hanc
1079 1810 1283 1889 locutionem,

132 1938 230 2000 quam
248 1918 376 1983 Marcus
401 1921 638 1996 commemorat,
663 1918 822 1983 adiunctis
847 1920 942 1984 etiarn
968 1921 1197 2000 consequenter
1219 1916 1284 1982 illis

91 2046 114 2085 a
130 2025 241 2090 uerbis
269 2024 322 2089 nel
350 2024 579 2107 discipulorum
608 2026 661 2090 uel
688 2025 801 2107 ipsine,
831 2044 912 2107 quae
940 2028 1227 2090 commemorantur
1252 2025 1284 2089 in

131 2131 260 2196 actibus
293 2130 520 2213 apostolorum.
546 2130 737 2197 credendum
768 2134 817 2196 est
850 2132 1033 2196 adsumtum
1063 2131 1226 2196 dominnm
1253 2129 1285 2195 in

131 2238 268 2314 caelum,
302 2238 565 2321 quadragensimo
600 2238 724 2303 scilieet
751 2238 802 2303 die
830 2242 904 2320 post
933 2239 1015 2303 diem
1044 2238 1284 2303 resurrectionis

12 2365 15 2390 ¹
131 2344 212 2409 eins.

175 2451 336 2516 Iohannes
364 2454 481 2526 autem,
510 2452 658 2534 quamuis
685 2452 825 2515 fateatur
848 2453 951 2516 multa
974 2470 1009 2515 se
1032 2452 1284 2535 praetermisisse
1309 2448 1352 2511 78

11 2541 14 2596 l
88 2581 113 2619 ao
131 2577 215 2640 qnae
235 2557 312 2622 fecit
330 2558 432 2634 lesus,
456 2558 561 2623 uoluit
579 2562 687 2623 tamen
706 2558 802 2622 etiam
826 2558 952 2623 tertiam
978 2559 1046 2623 eius
1070 2563 1284 2642 repraesenta·

130 2665 253 2729 tionem
287 2663 453 2746 discipulis
485 2667 559 2747 post
590 2664 855 2729 resurrectionem
888 2666 1004 2729 factam
1039 2683 1284 2730 commemorare

11 2769 12 2772 ’
130 2771 169 2835 ad
191 2790 278 2835 mare
297 2770 482 2848 Tiberiadis
506 2774 629 2853 septem
654 2771 778 2837 scilieet
800 2771 978 2855 discipulis,
1003 2772 1108 2847 Petro,
1132 2771 1283 2848 Thomas,

11 2942 12 2967 ,
130 2876 355 2955 Nathanaheli,
384 2877 458 2942 liliis
487 2878 642 2942 Zebedaei
670 2882 702 2941 et
730 2878 801 2942 aliis
832 2878 957 2942 duobus
987 2897 1066 2959 quos
1096 2878 1282 2942 nominatim

130 3004 195 3049 non
211 2984 375 3066 expressit,
395 3004 468 3049 curn
488 2984 696 3067 piscarentur,
717 2985 842 3067 quando
856 2985 949 3049 iussu
970 2985 1038 3049 eius
1058 2986 1139 3049 retia
1157 2985 1283 3049 mitten·

87 3111 112 3151 as
130 3095 181 3156 tes
220 3090 251 3154 in
291 3091 432 3154 dextram
469 3095 590 3174 partem
624 3094 823 3156 extraxerunt
855 3110 987 3175 magnos
1019 3092 1123 3173 pisces
1156 3094 1283 3155 centnm

11 3201 12 3260 i
130 3199 363 3281 quinquaginta
376 3202 452 3275 tres,
473 3198 596 3281 quando
613 3198 708 3263 etiam
723 3200 854 3262 Petrum
870 3202 918 3263 ter
935 3198 1155 3282 interrogauit,
1174 3202 1283 3262 uirum

225 3404 258 3458 16
277 3403 311 3457 cf.
331 3404 391 3464 net.
413 3406 437 3467 1,
455 3406 526 3458 4-8
583 3405 615 3459 19
635 3407 668 3460 cf.
688 3404 746 3460 leh.
766 3408 810 3470 21,
830 3408 864 3460 25
919 3406 954 3459 22
974 3406 1007 3461 cl.
1027 3406 1064 3459 ib.
1085 3406 1172 3459 1-24

167 3527 308 3583 ldiceret
325 3528 384 3583 RD
433 3530 525 3583 deum
544 3530 668 3585 onaRD
720 3531 829 3585 domni
849 3530 940 3600 inodo]
961 3531 1070 3584 omnino
1089 3530 1203 3584 HAEL
1221 3548 1285 3601 asp

129 3619 208 3673 snit
226 3634 279 3672 om.
297 3617 337 3670 B¹
405 3619 573 3673 dmamittit
591 3619 627 3685 Β,
646 3620 769 3673 innuite
841 3636 932 3675 cocere
950 3619 990 3673 B²
1059 3620 1281 3688 inanissimam]

129 3708 294 3763 nltimamr
364 3707 439 3762 necis
456 3713 515 3761 tum
534 3708 572 3762 B¹
645 3709 720 3777 non]
739 3708 900 3763 ultImnrnr
972 3708 1061 3761 Sinis
1080 3708 1117 3762 B¹
1192 3706 1283 3761 uillis

128 3797 228 3851 diebus
247 3813 299 3851 om.
318 3796 346 3849 Β
401 3796 435 3850 13
452 3796 574 3851 thomam
595 3796 682 3867 0P¹Q
744 3797 930 3867 absentemQ
996 3796 1081 3866 ·X·Q
1137 3798 1170 3849 14
1189 3798 1281 3866 quam]

129 3904 191 3941 enm
210 3886 240 3940 Β
312 3884 432 3941 adiuntis
451 3886 516 3940 ΒΟι
572 3888 604 3942 19
623 3902 653 3941 se
671 3902 723 3940 om.
737 3904 760 3954 p
814 3886 849 3939 20
869 3903 937 3955 qnae
956 3886 974 3941 r'.
995 3888 1011 3939 i.
1032 3902 1120 3955 emp
1172 3884 1283 3940 tertiam

128 3993 182 4030 ona.
202 3976 231 4030 Β
285 3976 320 4027 22
338 3975 395 4029 suis
414 3974 556 4046 discipulis
573 3980 651 4046 petro
671 3975 812 4045 scilicetp
886 3980 914 4029 et
932 3976 1043 4029 thomae
1056 3992 1104 4043 pp
1154 3974 1187 4027 23
1205 3974 1281 4043 filiis]

129 4070 160 4119 et
176 4064 244 4119 filiis
261 4061 396 4133 Hune
449 4064 485 4117 24
502 4064 578 4117 insse
600 4063 650 4117 GP
718 4065 816 4119 retiam
834 4064 862 4117 Β
925 4066 960 4117 25
979 4064 1007 4117 in
1026 4063 1119 4117 dextra
1138 4067 1214 4132 parte
1235 4062 1288 4116 GP

129 4154 271 4209 dexteram
289 4152 354 4207 ΝΜ
367 4153 412 4221 pl
497 4158 605 4208 centum
625 4154 722 4223 quinta
739 4157 795 4207 tres
814 4154 852 4207 sit
871 4169 930 4207 cnm
949 4150 989 4207 B¹
1007 4152 1055 4222 (sit
1075 4168 1134 4206 cnm
1154 4152 1204 4205 del.
1224 4150 1284 4217 13²).

129 4241 220 4297 CLIII
239 4240 325 4312 OPQ,
344 4240 446 4296 CLIII·
460 4245 541 4308 (cras.
561 4242 585 4310 Ι)
603 4242 640 4295 Μ
691 4243 726 4295 26
746 4242 848 4309 utrum]
869 4257 945 4294 urum
965 4240 991 4293 Β
