3100 4967
271 356 337 416 392
634 347 662 403 S.
689 348 826 403 Aureli
854 348 1072 418 Augustini

272 546 357 629 quod
379 546 426 610 ita
449 546 571 611 factum
595 546 648 623 sit,
678 544 734 610 sed
759 546 863 629 angeli
888 564 924 609 ex
947 546 1094 610 mandato
1119 545 1239 611 domini
1263 550 1295 611 et
1318 546 1417 630 ipsius

270 656 384 736 postea
406 652 536 732 domini,
561 653 777 737 euangelistae
802 656 909 717 autem
933 652 1098 730 narrantis,
1123 652 1180 717 sed
1205 652 1289 734 quod
1313 652 1359 717 ita
1381 652 1417 716 ah

271 762 383 846 angelo
409 764 442 826 et
460 760 621 827 adomino
641 759 762 825 dictum
783 760 835 837 sit,
855 759 1040 843 prophetice
1059 759 1180 824 dictum
1200 758 1418 842 accipiendum

271 869 330 936 est.
369 866 512 933 Galilaea
549 886 686 950 namque
721 867 947 949 interpretatur
983 867 1036 931 uel
1072 866 1332 951 ‘transmigratio'
1368 866 1419 931 uel

270 973 456 1039 ‘reuelato‘
489 973 578 1056 prius
605 974 714 1055 itaque
743 973 916 1059 seeundum
945 973 1232 1057 transmigrationis
1266 972 1418 1056 significa·
1448 994 1457 1031 ι

270 1080 390 1145 tionem
424 1080 501 1163 quid
533 1079 621 1144 aliud
654 1078 792 1145 occurrit
821 1078 1072 1164 intellegendum
1103 1079 1317 1162 praecedit
1349 1099 1418 1144 uos

270 1188 310 1253 in
331 1186 569 1263 Gallianum,
589 1187 646 1251 ihi
667 1207 754 1251 eum
772 1186 988 1263 uidebitis,
1008 1187 1069 1251 nisi
1088 1187 1162 1269 quia
1181 1184 1302 1251 Christi
1320 1186 1420 1271 gratia

272 1293 309 1359 de
324 1294 443 1378 populo
457 1294 579 1359 Israhel
588 1294 854 1377 transmigratura
868 1296 936 1357 erat
950 1292 989 1357 ad
1003 1296 1136 1376 gentes?
1151 1293 1267 1375 quihus
1283 1292 1419 1375 apostoli

270 1400 488 1484 praedicantes
512 1400 713 1484 euangelium
733 1399 821 1465 nullo
842 1399 935 1464 modo
962 1400 1171 1477 crederentur,
1197 1400 1259 1464 nisi
1283 1398 1329 1463 eis
1352 1400 1419 1482 ipse

272 1507 420 1571 dominus
456 1506 543 1570 uiam
580 1506 611 1571 in
650 1504 799 1570 cordibus
837 1506 1002 1570 hominum
1038 1508 1252 1588 praepararel3
1290 1507 1323 1570 et
1360 1505 1419 1570 hoc
1436 1524 1458 1563 n

271 1614 484 1699 intellegitur:
518 1612 734 1694 praecedit
762 1631 834 1677 uos
862 1612 901 1676 in
932 1610 1170 1677 Galilaeam.
1199 1610 1285 1693 quod
1312 1614 1418 1676 autem

270 1719 445 1804 gaudentes
464 1719 653 1785 mirarentur
672 1719 827 1802 disruptis
849 1723 880 1784 et
904 1719 1018 1784 euictis
1038 1717 1282 1783 difficultatibus
1307 1718 1418 1802 aperiri

271 1827 333 1892 sibi
369 1827 489 1893 ostium
524 1826 556 1890 in
594 1825 724 1891 domino
759 1846 815 1907 per
851 1825 1125 1890 inluminationem
1163 1824 1318 1905 fidelium,
1360 1825 1418 1890 hoc

270 1932 482 2017 intellegitur:
509 1932 567 1997 ihi
596 1951 683 1997 eum
711 1931 927 2009 uidebitis,
960 1931 993 1995 id
1023 1935 1072 1997 est
1099 1932 1153 1995 ‘ihi
1181 1931 1325 1996 membra
1352 1930 1418 1995 eius

270 2040 451 2115 inuenietis,
477 2038 523 2103 ihi
550 2039 664 2103 uiuum
693 2056 808 2122 corpus
836 2039 904 2103 eius
928 2038 959 2102 in
983 2038 1033 2103 his
1058 2039 1195 2120 quinos
1220 2038 1419 2120 susceperint
1434 2056 1457 2095 a

271 2146 472 2231 agnoscetis'.
496 2145 671 2211 secundum
689 2144 771 2209 illud
795 2149 901 2210 autem
926 2145 1010 2227 quod
1031 2144 1173 2211 Galilaea
1195 2144 1419 2227 interpretatur

209 2268 214 2302 ³
270 2252 446 2317 ‘reuelatio’
472 2270 532 2316 non
561 2251 625 2315 iam
651 2252 685 2318 in
712 2251 812 2317 forma
836 2250 921 2316 serui
944 2250 1194 2335 intellegendum
1218 2255 1279 2326 est,
1307 2250 1417 2316 sedin

268 2358 326 2423 illa
353 2359 384 2423 in
413 2378 476 2439 qua
499 2358 641 2441 aequalia
666 2361 715 2422 est
737 2358 831 2440 patri,
856 2375 951 2440 qnam
975 2356 1122 2438 promisit
1145 2360 1223 2439 aput
1248 2357 1417 2421 Iohannem

271 2464 480 2530 dilectoribus
510 2465 588 2542 suis,
622 2484 695 2529 cum
727 2464 860 2529 diceret:
894 2468 932 2529 et
965 2482 1033 2547 ego
1063 2463 1235 2547 diligam
1264 2483 1351 2529 eum
1384 2466 1419 2527 et

271 2571 480 2637 ostendam
504 2590 561 2636 me
583 2572 717 2655 ipsum
741 2572 819 2636 illi.
848 2591 909 2637 non
933 2571 1045 2653 utique
1070 2570 1245 2636 secundum
1273 2572 1308 2636 id
1338 2570 1420 2655 quod
1437 2584 1459 2625 ²0

271 2680 334 2744 iam
361 2678 517 2743 uidebant
545 2680 577 2743 et
604 2678 689 2761 quod
717 2678 812 2743 etiam
840 2697 1009 2763 resurgens
1039 2696 1112 2743 curn
1135 2677 1341 2744 cicatricibus
1364 2697 1420 2743 nnn

359 2886 494 2942 suoru.
513 2871 557 2949 ae,
578 2888 606 2951 r;
625 2886 709 2940 nare.
729 2886 771 2949 re,
792 2888 806 2939 ι
863 2888 903 2965 ιι
916 2886 949 2940 cr.
969 2886 1089 2957 Philipp.
1105 2888 1131 2953 a,
1146 2888 1162 2941 e
1177 2888 1235 2940 aa
1293 2888 1328 2942 rs
1347 2886 1418 2941 *na

273 2977 314 3041 ιι,
334 2975 396 3029 aro

308 3100 380 3153 leit
397 3116 448 3155 om.
466 3098 539 3171 Eup.
563 3099 638 3164 Vae,
656 3103 699 3153 est
716 3098 789 3169 Eup.
813 3099 888 3155 Vere.
1011 3098 1109 3153 mando
1128 3100 1164 3163 B,
1183 3097 1317 3154 mandatu
1340 3098 1421 3165 0¹n²,
1529 3088 1530 3091 ¹

273 3192 345 3242 tum
363 3188 403 3242 N¹
472 3188 582 3259 2quod
600 3190 642 3243 ita
660 3187 708 3243 sed
726 3188 800 3258 Eup.
824 3187 886 3242 Vct.
960 3187 1044 3258 quod]
1065 3204 1118 3257 quo
1137 3187 1264 3242 Ham
1329 3190 1421 3258 3pro·
1529 3258 1530 3261 Ἴ

271 3276 399 3347 pheticae
418 3278 453 3340 B,
474 3278 542 3331 -tiae
561 3276 669 3332 A¹E¹L
747 3276 849 3331 dictum
870 3278 918 3331 uit.
938 3293 1024 3332 erar
1112 3277 1423 3347 4namque]aute1no
1529 3272 1530 3323 1

271 3368 288 3419 5
308 3364 546 3435 significationem]
567 3366 633 3421 add.
653 3363 726 3436 quod
745 3366 917 3435 intellegitur
934 3382 982 3436 per
1000 3366 1151 3419 misterium
1174 3364 1423 3434 transmigrationis

270 3457 384 3524 patetp
438 3454 454 3507 6
473 3454 702 3525 intellegendum]
722 3453 789 3509 odd.
809 3453 874 3524 quid
900 3454 1080 3523 intellegatur
1097 3472 1145 3524 per
1162 3454 1325 3523 mysterium
1344 3455 1423 3522 (mist.
1529 3438 1530 3469 Τ

274 3542 310 3609 0)
329 3543 533 3612 transmigratio
552 3545 626 3614 patit
643 3547 712 3611 (tet
732 3542 778 3612 0²)
800 3543 858 3611 GP,
877 3542 942 3597 add
963 3548 1012 3598 aut
1030 3543 1097 3613 quid
1114 3542 1280 3613 intelligitur
1302 3559 1353 3614 per
1373 3543 1421 3597 mi·

271 3631 384 3685 sterium
402 3631 689 3702 hanamigratiouisp
796 3631 942 3703 praecedet
965 3631 1057 3703 VNQ²
1079 3632 1140 3687 edd.
1157 3637 1274 3702 praete
1290 3650 1319 3686 m
1342 3632 1420 3701 (mo.
1529 3654 1530 3705 ι

275 3718 362 3789 Vere.)
448 3722 464 3775 7
483 3721 614 3775 uideuitis
632 3721 660 3775 B
759 3721 776 3775 8
796 3739 812 3775 a
832 3722 929 3792 quihus
948 3722 1080 3792 apostolis
1100 3720 1323 3791 praedicantibus
1343 3738 1420 3777 enan·
1529 3730 1530 3795 g

271 3808 374 3878 gellam
393 3826 418 3863 n.
439 3826 473 3862 nr.
493 3809 649 3863 crederetur
665 3826 716 3879 mg.
741 3809 779 3861 V²
832 3812 848 3865 9
868 3812 1022 3865 crederetur
1040 3812 1073 3866 el
1141 3810 1175 3865 10
1193 3814 1341 3881 praeparet
1359 3808 1421 3879 N¹Q
1529 3796 1530 3801 ἵ

273 3900 303 3951 11
324 3896 470 3968 praecedet
488 3897 576 3953 RVN
592 3898 654 3954 edd.
667 3904 780 3967 praeter
797 3917 824 3953 os
842 3900 923 3969 (Eup.
948 3900 1043 3967 Vera),
1062 3898 1138 3953 -dam
1157 3899 1188 3953 D
1316 3901 1350 3955 12
1367 3897 1419 3952 dir·
1529 3906 1530 3943 l

271 3987 359 4056 ruptis
381 3985 502 4057 F¹N¹Q¹
531 3987 614 4057 (Erip.
638 3986 717 4042 codd.
743 3993 853 4056 praeter
875 3988 944 4043 Par.
973 3988 1070 4056 Vere),
1095 3987 1196 4059 dirupt.
1221 3987 1256 4059 0²
1279 4006 1294 4059 γ
1312 4006 1336 4057 p
1351 4005 1370 4041 u
1384 3986 1420 4042 el

272 4074 353 4129 uictis
373 4074 488 4144 A¹E¹L,
507 4091 549 4131 eu.
569 4077 675 4131 cunctis
693 4076 767 4144 13²7
849 4080 953 4148 aperire
975 4077 1026 4132 GP
1043 4077 1125 4148 (Eup.
1150 4078 1235 4147 Vere.)
1312 4077 1344 4132 14
1363 4078 1419 4130 eius

270 4163 392 4217 membra
409 4163 470 4218 cdd.
485 4168 600 4233 moder
615 4181 662 4235 pp
717 4165 750 4219 15
769 4166 804 4218 iis
823 4166 869 4219 lor
920 4166 953 4221 16
969 4165 1139 4235 cognocetis
1152 4165 1187 4229 B,
1207 4166 1356 4235 agnoscitis
1373 4164 1419 4218 ΟΡ

271 4256 362 4306 autem
378 4252 446 4307 illud
465 4251 612 4322 Haece
666 4253 699 4307 21
721 4257 749 4307 et
767 4270 818 4307 om.
838 4254 866 4308 B
