3100 4967
297 272 340 325 de
360 289 457 325 cons.
478 288 573 325 suan
584 288 610 341 g.
630 270 679 323 lib.
698 269 733 324 ΙΙ.
755 286 813 338 cap.
831 266 1135 321 LXXVII-LXXVIII
1231 270 1295 333 257

192 467 251 533 Sed
284 467 345 531 hoc
377 466 476 530 uideri
510 468 617 549 potest
648 484 759 547 parum
793 463 964 547 diligenter
994 461 1193 527 intuentibus
1227 482 1298 527 esse
1325 458 1389 520 153

148 576 347 651 contrarium,
381 572 465 657 quod
494 572 658 637 Mattheus
693 575 726 636 et
752 571 881 635 Marcus
913 571 1122 652 posteaquam
1155 569 1299 635 dixerunt

148 683 262 765 pascha
284 685 359 765 post
381 680 516 745 biduum
541 680 695 757 futurum,
720 678 831 744 deinde
855 679 1193 754 commemoranerunt,
1213 677 1299 762 quod

147 792 212 853 erat
235 789 327 852 Iesus
351 788 383 851 in
407 786 570 864 Bethania,
594 786 650 849 ubi
674 784 711 849 de
736 790 899 869 unguento
922 783 978 848 illo
1002 782 1140 865 pretioso
1170 782 1297 857 dicitur,

118 894 302 959 slohannes
326 897 432 958 autem
457 896 529 957 ante
554 912 607 957 ser
632 892 698 957 dies
722 891 859 972 paschae
884 890 962 954 dicit
985 890 1092 953 Iesum
1115 889 1242 953 uenisse
1264 890 1296 952 in

147 1000 331 1065 Bethaniam
364 999 402 1062 de
441 1002 604 1083 unguento
642 998 751 1062 eadem
790 999 983 1061 narraturus.
1026 996 1184 1079 quomodo
1222 1014 1296 1079 ergo

148 1105 320 1170 secundum
345 1104 418 1169 illos
443 1104 523 1168 duos
547 1108 621 1187 post
644 1104 779 1167 biduum
802 1103 946 1167 futurum
976 1104 1043 1165 erat
1070 1103 1199 1184 paseha,
1225 1120 1296 1165 cum

147 1214 351 1293 posteaquam
375 1210 408 1274 id
432 1209 576 1275 dixerunt
598 1210 801 1274 inueniantur
824 1228 896 1272 cnm
920 1208 1059 1273 Iohanne
1081 1207 1113 1270 in
1142 1208 1297 1271 Bethania

146 1318 224 1381 illud
248 1318 286 1381 de
311 1322 474 1401 unguento
499 1317 584 1399 quod
607 1318 675 1400 ipse
699 1319 871 1388 narrantes,
891 1321 968 1379 tune
991 1319 1099 1379 autem
1122 1315 1191 1397 ipse
1211 1314 1297 1379 dicat

108 1451 129 1489 10
147 1428 217 1505 post
249 1443 304 1489 εει
337 1424 404 1488 dies
437 1424 580 1488 futurum
613 1424 751 1507 pascha?
786 1422 842 1487 sed
875 1423 928 1503 qni
959 1422 1006 1485 ita
1033 1424 1202 1486 mouentur
1233 1440 1294 1485 non

146 1530 335 1615 intellegunt
357 1531 537 1595 Mattheum
565 1534 597 1595 et
619 1531 763 1594 Marcum
791 1528 873 1593 illud
901 1529 986 1610 quod
1012 1530 1045 1594 in
1072 1528 1230 1593 Bethania
1257 1528 1295 1590 de

147 1642 305 1722 unguento
330 1638 448 1703 factum
479 1640 545 1702 erat
572 1637 809 1720 recapitulando
839 1637 986 1719 posuisse
1016 1654 1077 1699 non
1106 1637 1179 1719 post
1206 1634 1294 1699 illam

147 1742 182 1807 de
210 1743 307 1808 biduo
341 1744 607 1825 praedicationem
641 1762 742 1819 suam,
772 1742 829 1806 sed
861 1744 934 1806 ante
966 1742 1029 1806 iam
1061 1742 1192 1818 lactum,
1221 1759 1294 1805 cum

146 1850 246 1915 adbuc
271 1870 324 1915 εει
349 1850 416 1915 dies
442 1853 548 1915 essent
572 1850 610 1915 ad
633 1850 762 1933 pascha.
786 1869 849 1913 non
873 1849 955 1912 enim
981 1848 1150 1929 quisquam
1175 1865 1294 1920 eorum,

108 1982 128 2019 15
147 1976 215 2020 cum
244 1956 375 2021 dixisset
403 1961 476 2039 post
504 1956 635 2021 biduum
669 1958 813 2021 loturum
845 1956 974 2039 pascha.
1003 1956 1049 2019 sic
1083 1954 1224 2018 adiunxit
1256 1953 1294 2017 de

145 2063 199 2127 illo
236 2064 321 2129 facto
359 2063 390 2126 in
428 2063 592 2137 Bethania,
629 2067 666 2126 ut
703 2064 822 2126 diceret
859 2064 944 2145 ‘post
979 2062 1057 2125 haec
1094 2079 1167 2125 cum
1209 2063 1295 2125 esset

147 2168 337 2251 Bethaniae’,
359 2170 415 2234 sed
433 2170 597 2234 Mattheus
617 2170 761 2251 quidem:
787 2188 868 2233 cnm
892 2172 1015 2232 antam
1041 2171 1155 2243 esset,
1178 2168 1293 2250 inquit,

145 2274 250 2341 lesus
275 2276 311 2339 iu
335 2275 529 2351 Bethania,
551 2276 678 2341 Marcus
699 2278 821 2340 autern:
843 2295 925 2339 cum
949 2278 1053 2339 esset
1071 2274 1292 2339 Bethaniae.

146 2381 225 2461 quod
259 2382 370 2463 utique
402 2381 600 2464 intellegitur
632 2387 664 2446 et
701 2386 871 2464 antequam
904 2382 959 2447 illa
997 2382 1176 2446 dicerentur
1212 2401 1293 2463 quac

107 2491 212 2553 nanto
250 2488 383 2553 biduum
420 2490 557 2570 paschae
595 2488 679 2552 dicta
716 2493 800 2553 sunt.
838 2489 923 2554 sicut
960 2508 1033 2572 ergo
1075 2508 1112 2553 ει
1143 2488 1292 2552 Iohannis

144 2596 319 2659 narratione
339 2594 511 2678 colligitur,
531 2599 602 2659 ante
623 2614 675 2659 εει
695 2595 762 2659 dies
782 2596 919 2677 paschae
938 2596 1028 2659 uenit
1046 2595 1077 2659 in
1096 2594 1292 2662 Bethaniam.

144 2699 186 2765 ibi
208 2703 329 2766 lactum
355 2704 404 2765 est
426 2700 507 2765 illud
531 2702 726 2776 conuiuium,
750 2701 807 2765 ubi
836 2702 875 2765 de
903 2705 1065 2786 unguento
1094 2702 1232 2784 pretioso
1256 2702 1293 2764 fit

145 2808 408 2877 commemoratio.
424 2807 497 2872 inde
516 2810 604 2873 uenit
622 2808 877 2891 Hierosolymam
898 2808 1011 2873 sedens
1031 2828 1127 2889 super
1144 2808 1291 2874 asellum.

144 2913 252 2977 deinde
275 2919 387 2998 postea
410 2919 563 2997 geruntur
586 2935 622 2979 ea
646 2934 726 2997 quae
749 2919 877 2979 narrant
903 2919 977 2999 post
1004 2915 1088 2979 hunc
1118 2916 1292 2980 aduentum

106 3044 129 3084 as
145 3020 208 3083 eius
220 3020 453 3104 Hierosolymis
473 3024 572 3105 gesta.
589 3042 624 3085 er
639 3021 693 3085 illo
710 3042 784 3105 ergo
801 3022 862 3097 die,
879 3041 939 3103 quo
955 3023 1044 3087 uenit
1056 3023 1088 3086 in
1103 3022 1291 3085 Bethaniam

145 3126 241 3208 adque
266 3125 348 3191 illud
372 3128 409 3191 de
434 3131 595 3212 unguento
619 3129 820 3204 factumest,
842 3128 1117 3211 usqueaddiem.
1142 3147 1205 3210 quo
1229 3128 1292 3191 ista

145 3234 245 3297 omnia
271 3238 361 3318 gesta
385 3233 486 3316 adque
511 3234 595 3299 dicta
619 3238 702 3313 sunt,
722 3235 941 3319 intellegimus
962 3235 1057 3298 etiarn
1082 3234 1290 3318 euangelistis

145 3356 201 3403 non
243 3340 566 3405 commemorantibus
600 3344 804 3405 consumtum
845 3340 947 3405 fuisse
989 3340 1212 3423 quadriduum,
1254 3345 1291 3404 ut

227 3584 244 3636 2
265 3584 299 3637 cf.
319 3584 416 3637 Matth.
437 3586 480 3643 26,
500 3586 528 3646 6;
550 3584 583 3638 cf.
602 3583 684 3638 Marc.
707 3586 747 3652 14,
767 3586 784 3637 3
840 3588 856 3639 5
876 3584 909 3637 cl.
930 3584 988 3637 Ich.
1012 3585 1053 3651 12,
1075 3586 1087 3637 l

177 3725 303 3779 luidere
326 3724 387 3779 0¹1>
435 3725 594 3779 edixerant
612 3724 651 3779 F¹
701 3724 778 3795 aid]
798 3726 844 3780 hic
862 3725 997 3789 Ham,
1016 3726 1067 3780 hoa
1086 3724 1126 3780 E²
1175 3727 1287 3793 titane]

144 3829 200 3869 cura
219 3814 253 3868 el
325 3818 414 3868 autem
435 3831 485 3867 orn.
505 3814 562 3869 BT
628 3816 659 3867 11
682 3814 765 3883 quod]
785 3814 939 3883 quandoR
1012 3815 1142 3868 nathania
1160 3813 1195 3881 B,
1213 3814 1289 3868 beth

145 3903 213 3971 qnod
230 3902 258 3957 R
353 3905 383 3957 13
403 3904 616 3973 praedictionem
635 3904 672 3958 M
688 3904 844 3973 ΗΑΕΕγ
864 3904 1082 3958 -dicstionemO
1173 3907 1254 3957 antea
1267 3920 1289 3971 p

146 3992 174 4043 lt
193 3992 239 4045 be
227 3993 416 4061 hanrae]
368 3991 416 4045 be
417 3992 555 4045 hanraM
570 4011 594 4049 κ
613 4009 640 4045 ιη
660 3992 1012 4061 bethamaDpraelm
1066 3992 1100 4045 20
1119 3991 1292 4061 paschaRl

145 4079 269 4138 iohannes
291 4079 353 4134 0¹1>
400 4082 433 4133 21
454 4079 585 4134 bethania
603 4082 630 4134 B
679 4083 713 4134 22
733 4082 783 4149 ibi]
803 4086 831 4136 et
850 4082 889 4135 ibi
907 4081 980 4149 El]
1031 4083 1064 4133 25
1084 4080 1289 4149 hierosolymam

145 4166 180 4219 Βι
233 4169 364 4223 bethania
382 4168 441 4223 ΒΤ
492 4170 528 4223 28
548 4174 761 4223 corisummatum
781 4171 808 4223 B

169 4294 284 4335 xxxxrn
299 4295 359 4344 aaz.
375 4294 434 4338 secr.
449 4294 485 4334 ur
498 4304 551 4343 para
565 4292 585 4336 r.
1221 4275 1252 4328 17
