3100 4967
280 268 320 331 16
632 266 659 322 S.
687 262 1074 333 Aurelidugustiui

278 463 375 528 etiam
405 466 536 547 propter
568 464 703 531 eundem
735 461 894 547 passionis
927 459 1011 527 diem
1043 459 1200 528 celebrius
1233 459 1431 530 sollemniter
1543 443 1544 450 ἵ

278 571 379 635 Roma
397 570 607 637 commendat.
632 571 679 637 sio
698 570 824 635 omnino
849 587 950 634 errare
973 571 1166 647 meruerunt,
1191 570 1246 654 qui
1264 567 1429 635 Christum
1543 599 1544 642 1

279 680 311 742 et
346 678 509 761 apostolos
546 677 616 743 eius
652 696 714 743 non
746 677 780 742 in
801 675 933 743 vsanctis
965 674 1141 753 codicibus,
1173 675 1228 742 sed
1262 676 1295 739 in
1331 672 1428 758 pictis
1543 677 1544 726 l

277 784 452 865 parietibus
477 784 690 868 quaesierunt,
714 802 772 849 nec
796 782 923 861 mnam,
947 781 975 847 si
998 801 1017 847 a
1038 781 1249 867 pingentibus·
1270 780 1429 865 fingentes
1543 769 1544 776 '

278 890 403 975 decepti
439 894 524 957 sunt.
560 895 629 957 toto
667 892 749 956 enim
786 894 940 972 tempore,
978 907 1039 971 quo
1077 888 1229 955 Christus·
1263 890 1296 955 in
1333 907 1425 955 carne
1456 906 1469 945 ⁵

278 999 405 1063 mortali
429 1018 500 1065 cum
526 997 594 1063 suis
618 996 786 1081 discipulis
810 995 900 1073 uixit,
924 995 1064 1061 nondum
1093 998 1162 1061 erat
1183 996 1306 1062 Paulus
1332 994 1429 1062 disci-

277 1106 374 1189 pulus
399 1105 478 1183 aius,
503 1124 597 1188 qnam
621 1108 694 1189 post
716 1103 899 1188 passionem
921 1122 1024 1182 suam,
1052 1105 1127 1187 post
1152 1101 1428 1179 resurrectionem,
1543 1189 1544 1194 ἵ

277 1214 351 1295 post
378 1211 603 1291 ascensionem,
632 1215 706 1296 post
732 1210 869 1275 missum
897 1209 935 1275 de
963 1210 1061 1276 caelis
1088 1207 1238 1293 spiritum
1270 1212 1427 1286 sanctum,

277 1322 351 1403 post
371 1319 548 1385 multorum
571 1319 762 1384 Iudaeomm
786 1318 1027 1384 conuersionem
1054 1320 1088 1383 et
1114 1316 1292 1383 mirabilem
1320 1315 1426 1393 fidem,
1543 1339 1544 1404 3

277 1429 352 1510 post
378 1425 605 1511 lapidationem
633 1423 789 1510 Stephani
816 1424 941 1490 diaconi
968 1426 1001 1489 et
1028 1423 1187 1507 martyris,
1216 1441 1290 1489 cnm
1322 1421 1427 1488 adhuc
1447 1440 1471 1483 ao
1543 1439 1544 1446 ¹

278 1532 395 1599 Saulus
423 1533 636 1617 appellaretur
663 1535 695 1597 et
723 1550 779 1597 eos
807 1531 863 1615 qui
888 1531 921 1596 in
945 1530 1111 1597 Christum
1135 1529 1335 1595 crediderant
1358 1548 1428 1613 gna·

277 1640 362 1704 niter
391 1642 645 1723 persequeretur,
683 1638 721 1704 de
755 1638 844 1703 caelo
876 1638 1008 1703 uocauit
1039 1640 1072 1702 et
1103 1656 1198 1702 suum
1232 1635 1426 1719 discipulum
1543 1631 1544 1634 ’

277 1746 379 1831 adque
412 1747 593 1829 apostolum
625 1745 713 1811 feeit.
747 1744 906 1827 quomodo
937 1744 1039 1829 igitur
1069 1744 1176 1829 potuit
1206 1742 1316 1821 libros,
1346 1762 1428 1826 quos

277 1856 445 1936 antequam
478 1855 654 1919 moreretur
682 1871 755 1917 eum
785 1851 952 1935 scripsisse
979 1852 1085 1934 putari
1112 1851 1237 1927 uolunt,
1265 1849 1306 1913 ad
1333 1849 1429 1916 disci·

154 2038 160 2047 ⁸
276 1959 370 2041 pulos
398 1963 562 2042 tamquam
590 1958 859 2024 familiarissimos
886 1958 1018 2023 Petrum
1051 1960 1085 2022 et
1110 1957 1247 2022 Paulum
1280 1956 1470 2035 salibaras

278 2084 351 2131 cum
375 2065 495 2131 Paulus
519 2067 659 2131 nondum
682 2065 780 2131 fuerit
802 2065 980 2147 discipulus
1004 2064 1096 2129 eius?

84 2226 91 2243 .
145 2165 202 2231 ll.
221 2167 261 2231 17
321 2172 407 2239 Illud
431 2191 557 2256 quoque
581 2171 763 2250 adtendant,
788 2171 843 2253 qui
865 2170 1000 2255 magicis
1025 2170 1147 2237 artibus
1170 2174 1261 2235 tanta
1282 2169 1429 2252 potuisse
1543 2165 1544 2168 ’

278 2283 311 2345 et
342 2298 455 2345 nomen
488 2298 582 2346 suum
615 2278 654 2343 ad
686 2278 822 2363 populos
854 2278 888 2343 in
919 2297 955 2343 se
987 2276 1217 2343 conuertendos
1250 2282 1318 2343 arte
1353 2276 1427 2360 ipsa
1543 2359 1544 2362 Ἴ

273 2404 481 2453 consecrasse
508 2386 653 2465 delirant,
686 2389 795 2452 utrum
826 2386 968 2471 potuerit
997 2384 1132 2471 magicis
1164 2374 1285 2453 artibus
1317 2386 1427 2448 tantos
1543 2385 1544 2450 ζ

278 2493 447 2577 prophetas
467 2492 575 2557 diuino
596 2493 711 2576 spiritu
729 2496 900 2575 antequam
919 2494 950 2558 in
969 2496 1054 2559 terra
1075 2494 1259 2558 nasceretur
1281 2486 1426 2575 implere,
1445 2509 1471 2551 ao

278 2599 334 2684 qui
358 2599 396 2665 de
418 2599 475 2665 illo
499 2600 578 2664 talia
600 2600 708 2665 sutura
730 2600 908 2684 praelocuti
930 2604 1015 2679 sunt,
1040 2598 1147 2683 qualia
1168 2599 1232 2663 iam
1255 2596 1428 2680 praeterita

278 2706 311 2771 in
340 2705 506 2791 euangelio
535 2705 674 2791 legimus
702 2708 734 2771 ot
763 2706 871 2789 qualia
896 2704 928 2770 in
956 2706 1031 2771 orbe
1062 2708 1216 2770 terrarum
1249 2702 1427 2788 praesentia

278 2830 362 2877 nono
397 2811 557 2877 uidemus.
600 2829 701 2893 neque
739 2812 834 2889 enim,
876 2812 905 2877 si
940 2811 1075 2895 magicis
1111 2808 1233 2877 artibus
1270 2810 1357 2887 facit,
1390 2812 1428 2874 ut

370 3054 383 3107 1
406 3053 439 3109 cl.
462 3052 528 3108 Eas.
554 3052 653 3109 chron.
676 3054 726 3108 int.
751 3052 826 3111 Hier.
846 3056 871 3121 2,
896 3054 959 3117 157;
984 3054 1095 3108 Hieron.
1119 3052 1221 3107 denir.
1245 3052 1286 3107 ill.
1304 3054 1335 3117 5;
1354 3051 1425 3107 Acta

281 3147 367 3215 apost.
388 3160 476 3214 apocr.
497 3143 532 3198 39
587 3143 603 3196 7
623 3142 657 3197 cl.
676 3142 736 3197 noc.
756 3142 783 3205 9,
803 3141 891 3197 1-30
945 3142 980 3197 23
999 3142 1033 3197 cf.
1053 3158 1075 3196 e.
1093 3140 1188 3196 Ferat.
1208 3141 1251 3209 12,
1269 3142 1305 3196 45

317 3288 330 3341 1
347 3285 490 3356 celebrius]
505 3284 636 3343 celebrius
650 3288 680 3339 et
692 3284 874 3356 ΗΑΕΙιγπρ
883 3302 899 3339 r
908 3283 978 3349 uel,
993 3284 1183 3339 celeberrimus
1199 3282 1269 3353 0²1³,
1284 3283 1427 3339 celeberri-

279 3394 351 3432 mum
373 3375 445 3439 0³1¹,
465 3373 674 3430 celeberrimae
764 3374 892 3428 tromae
909 3374 936 3445 (e
955 3376 1036 3441 crue.)
1054 3373 1094 3428 B⁸
1173 3388 1262 3427 errare
1281 3372 1427 3443 omninop
1543 3363 1544 3418 l

279 3467 296 3521 3
315 3464 448 3537 apostolis
470 3462 519 3517 ΟΡ
553 3466 571 3517 4
590 3463 786 3535 quaesiuernnt
804 3464 902 3532 (quea.)
918 3462 950 3516 F
967 3461 1018 3533 OQ
1030 3460 1199 3519 HAELSU
1205 3478 1221 3516 r
1258 3463 1276 3515 8
1293 3462 1376 3518 caelis
1394 3477 1429 3517 ecc

280 3554 369 3609 caelos
388 3568 457 3609 corr.
476 3553 515 3607 B⁸
571 3552 605 3608 10
623 3553 731 3623 stepani
749 3553 788 3607 M
856 3552 966 3607 diaconi
983 3556 1013 3607 et
1029 3567 1081 3607 oon.
1100 3550 1141 3606 Na
1200 3550 1234 3605 12
1253 3551 1427 3621 discipulum]
1543 3619 1544 3626 ἵ

281 3642 348 3698 dicit
366 3640 432 3711 (dici
450 3641 491 3708 Η)
512 3640 674 3711 discipulum
693 3638 820 3695 HA¹EL
893 3640 926 3695 13
942 3640 1041 3712 igitur]
1062 3656 1163 3709 ergop
1232 3639 1266 3694 14
1283 3639 1429 3694 moriretur
1543 3705 1544 3708 Ἰ

283 3730 384 3786 T¹F¹S
453 3732 550 3801 putare
572 3728 621 3783 ΟΡ
691 3728 838 3784 noluerunt
854 3727 948 3783 A²SU
1000 3728 1033 3783 17
1048 3728 1107 3799 qni]
1126 3745 1148 3783 a.
1167 3728 1185 3783 1.
1205 3726 1272 3783 odd.
1291 3742 1353 3782 eum
1370 3726 1427 3782 No

281 3836 362 3891 quam
380 3838 397 3872 a
467 3817 558 3888 magis
576 3816 650 3882 Μ,
668 3816 785 3887 magicis
804 3832 865 3871 eum
882 3832 898 3873 r
968 3816 1103 3887 potuisse]
1123 3831 1184 3871 cum
1203 3814 1325 3886 potuisse
1349 3814 1428 3871 Vlm

281 3908 406 3979 populos]
427 3907 507 3978 aplos
525 3907 557 3962 s'n
575 3922 626 3975 erp.
647 3922 666 3961 u
756 3905 791 3961 19
810 3905 934 3961 delerant
950 3903 1094 3959 ΒῑθῑΡΔ2
1186 3905 1220 3959 21
1241 3903 1299 3975 qui]
1318 3902 1428 3975 quiaO
1543 3893 1544 3906 ²

280 3998 341 4066 illo]
362 4013 393 4051 eo
412 4011 427 4051 r
498 3995 532 4049 22
551 3993 736 4065 (euantlgelio
753 3994 805 4063 fol.
826 3996 845 4048 ⁷
862 3993 941 4061 (ficit
957 3994 1175 4063 suffimentum
1191 4008 1263 4052 socc.
1281 3992 1355 4050 XII.
1378 3992 1427 4060 Ne,

280 4083 708 4157 mammaemammal
793 4082 934 4154 ot]in(l¹
1014 4082 1108 4139 orbem
1125 4082 1213 4139 RTD
1302 4081 1427 4137 illenim
1543 4083 1544 4134 Ἰ

280 4194 302 4231 a.
322 4175 387 4229 io
