3100 4967
310 300 352 356 de
377 318 475 355 cons.
500 302 844 370 euangelistarum
866 302 915 357 lib.
933 302 984 356 Ill.
1004 320 1062 374 cap,
1081 303 1188 358 XXIIII
1247 309 1311 372 357

166 502 201 560 et
230 497 354 562 tribus
382 496 570 562 noctibus.
604 500 817 580 conputantur
849 501 957 562 autem
990 502 1144 581 tempora,
1178 501 1248 566 siue
1277 520 1314 564 en

164 623 225 686 quo
250 603 382 669 tradidit
405 603 563 686 spiritum,
588 603 657 668 siue
682 623 716 668 er
741 622 803 686 quo
824 604 970 688 sepultus
990 608 1050 682 est,
1074 609 1107 670 et
1124 625 1184 671 non
1205 625 1312 671 occur-

163 712 204 776 rit
227 710 458 791 adliqnidum,
483 711 544 775 nisi
567 711 710 776 medium
733 710 829 788 diens,
857 712 919 776 hoc
943 715 993 776 est
1016 712 1184 776 sabbatum
1207 715 1312 777 totum

163 818 245 881 diem
277 818 480 900 accipiamus,
503 816 537 881 id
556 820 606 880 θεῖ
624 835 698 881 cum
722 835 781 882 sua
804 821 907 895 nocte,
930 817 1004 882 illos
1028 821 1135 883 autem
1161 819 1216 901 qni
1240 838 1312 883 eum

133 925 190 988 sin
225 923 330 988 medio
361 911 548 1006 posueruut,
579 922 614 987 id
646 930 696 987 θεῖ
727 943 919 1006 parasceuen
949 929 982 989 θῖ
1007 925 1142 1006 primam
1176 925 1311 1003 sabbati,

161 1050 254 1113 quem
281 1030 364 1094 diem
389 1029 584 1094 dominicum
609 1029 756 1107 dicimus,
786 1034 915 1112 aparte
943 1033 1048 1095 totum
1076 1032 1312 1115 intellegamus.

160 1137 236 1218 quid
260 1135 343 1200 enim
366 1138 467 1214 iuuat,
493 1135 577 1218 quod
601 1135 729 1218 quidam
753 1137 805 1200 his
828 1137 987 1220 angustiis
1011 1137 1145 1202 coartati
1163 1142 1196 1202 et
1213 1138 1313 1202 istum

157 1243 329 1308 locutionis
351 1243 494 1321 modum,
524 1243 556 1306 id
580 1246 631 1308 est
654 1262 671 1306 a
693 1247 784 1324 parte
807 1246 924 1321 totum,
953 1244 984 1306 in
1010 1248 1191 1310 sanctarum
1215 1245 1313 1325 serip-

156 1357 299 1414 turarum
328 1350 489 1415 soluendis
519 1349 760 1432 quaestionibus
789 1350 964 1433 plurimum
992 1336 1099 1414 ualere
1129 1347 1311 1415 nescientes

22 1523 24 1548 ‚
119 1475 139 1512 ιε
155 1461 281 1521 noctem
306 1457 479 1520 uoluerunt
505 1455 709 1520 adnumerare
737 1459 803 1519 tres
830 1456 904 1520 illas
932 1457 1026 1521 horas
1051 1475 1069 1520 a
1093 1461 1181 1520 sexta
1208 1475 1312 1538 neque

155 1581 281 1640 nonam,
310 1563 426 1644 quibus
452 1563 500 1627 sol
525 1563 715 1626 obscuratus
745 1567 804 1640 est,
834 1567 866 1628 et
889 1564 975 1627 diem
1002 1567 1068 1627 tres
1097 1563 1189 1627 horas
1219 1562 1310 1631 alias,

155 1671 272 1751 quibus
299 1670 423 1758 iterum⁴
444 1670 536 1732 terris
571 1671 620 1733 θεῖ
652 1667 808 1747 redditus,
841 1669 873 1733 id
902 1672 953 1734 θεῖ
979 1689 998 1734 a
1024 1689 1104 1734 nona
1137 1689 1239 1752 usque
1272 1670 1312 1733 ad

154 1778 222 1840 eius
256 1780 427 1840 occasum?
465 1774 611 1856 seqnitur
644 1776 727 1838 enim
760 1795 820 1840 nox
847 1775 949 1839 futuri
978 1775 1113 1840 sabbati.
1148 1794 1211 1857 qua
1238 1793 1310 1840 oum

154 1873 211 1948 suo
242 1882 292 1946 die
324 1885 497 1966 conputare
522 1886 613 1946 erunt
634 1882 698 1947 ianr
724 1882 804 1946 dnae
828 1886 937 1946 noctes
963 1885 995 1946 et
1019 1883 1081 1947 duo
1105 1883 1188 1958 dies;
1217 1901 1310 1965 porro

22 2031 24 2044 »
116 2007 135 2044 n
155 1991 261 2053 antem
294 1993 368 2070 post
400 1988 569 2052 sabbatum
604 1989 748 2070 sequitur
779 2007 839 2053 nox
872 1989 993 2070 primae
1027 1987 1162 2065 sabbati,
1196 1987 1229 2052 id
1263 1992 1313 2053 est

158 2095 383 2160 inlucescentis
413 2095 476 2160 diei
504 2095 665 2174 dominici,
698 2095 730 2158 in
759 2114 823 2176 qua
849 2099 926 2159 tnnc
954 2095 1099 2159 dominus
1126 2095 1310 2163 resurrexit:

159 2205 250 2267 erunt
273 2219 348 2286 ergo
372 2201 453 2266 duae
476 2207 586 2266 noctes
610 2205 642 2266 et
665 2201 728 2265 duo
752 2201 820 2267 dies
844 2205 877 2266 et
906 2221 969 2266 una
997 2220 1066 2276 uox,
1094 2201 1221 2266 etiamsi
1243 2206 1313 2266 tota

158 2312 269 2389 posset
291 2308 444 2392 intellegi,
469 2326 526 2371 nec
551 2307 802 2382 ostenderemus,
822 2307 907 2390 quod
931 2307 1011 2372 illud
1036 2306 1214 2372 diluculum
1238 2327 1312 2389 pars

160 2415 226 2477 eius
252 2417 390 2478 extrema
414 2415 470 2488 sit;
500 2417 691 2496 quapropter
714 2432 772 2477 nee
802 2413 1019 2478 adnumeratIs
1045 2413 1112 2478 illis
1137 2431 1190 2476 sex
1214 2411 1311 2490 horis,

118 2540 142 2578 ao
160 2539 293 2602 quarum
316 2519 420 2584 tribus
445 2521 494 2584 sol
513 2519 757 2584 contenebratus
778 2523 828 2584 θεῖ
847 2523 879 2584 θῖ
896 2519 999 2584 tribus
1019 2519 1128 2598 eluxit,
1153 2519 1313 2584 constabit

159 2627 237 2690 ratio
270 2627 367 2690 trium
401 2625 524 2691 dierum
553 2629 586 2690 et
617 2626 714 2690 trium
747 2627 901 2690 noctium.
935 2630 1036 2691 restat
1066 2645 1154 2709 ergo.
1187 2632 1224 2690 ut
1255 2625 1310 2691 illo

159 2733 385 2815 scripturarum
412 2733 625 2798 usitatissimo
653 2731 804 2816 loquendi
832 2732 937 2810 modo,
967 2751 1028 2814 quo
1053 2753 1071 2797 a
1094 2736 1182 2815 parte
1205 2735 1311 2796 toturn

158 2839 364 2924 intellegitur,
396 2839 597 2904 inueniamus
631 2843 806 2904 extremum
839 2839 923 2903 diem
951 2843 1078 2922 tempus
1111 2858 1310 2922 persecando,

160 2965 219 3028 quo
248 2946 416 3010 crucifixus
446 2950 478 3010 et
505 2945 652 3029 sepultus
681 2949 730 3011 θεῖ
758 2945 917 3023 dominns,
950 2949 983 3009 et
1011 2964 1046 3009 ex
1074 2946 1145 3028 ipsa
1172 2950 1311 3010 extrema

117 3073 141 3112 εε
159 3059 244 3133 parte
274 3055 378 3116 totum
407 3052 491 3117 diem
521 3071 594 3117 cum
623 3071 682 3116 sua
709 3055 813 3128 nocte,
847 3053 901 3133 qui
927 3052 991 3115 iam
1019 3055 1167 3133 peractus
1196 3052 1309 3132 fuerat,

159 3159 361 3242 accipiamus,
390 3158 531 3224 medium
559 3177 646 3238 uero,
675 3159 709 3223 id
732 3163 782 3223 θεῖ
810 3158 935 3222 sabbati
964 3157 1058 3231 diem,
1083 3178 1143 3223 non
1169 3177 1187 3222 a
1209 3163 1309 3240 parte,

193 3405 204 3456 l
223 3409 414 3473 computentur
431 3404 519 3458 rael
564 3405 581 3457 2
596 3404 742 3458 occurrerit
755 3403 782 3456 B
836 3405 852 3457 3
867 3403 930 3473 nisi]
951 3403 1017 3456 add.
1037 3403 1071 3457 ad
1086 3402 1194 3458 A¹E¹L
1210 3405 1308 3474 paci,

157 3493 221 3548 add.
242 3493 362 3561 atses
436 3497 479 3546 est
496 3509 547 3546 our.
567 3493 615 3560 B¹‚
635 3495 678 3546 θεῖ
696 3497 728 3547 ut
745 3489 879 3561 Achi
967 3493 1077 3562 deum]
1099 3509 1145 3546 eos
1164 3491 1271 3546 A²E¹L
1291 3511 1310 3546 a

155 3584 274 3650 daperte
284 3580 523 3649 B¹0¹(aicinfro)
562 3579 730 3635 linbatBR
768 3580 1141 3651 8scriptnrarnmom.B¹R¹
1179 3583 1213 3634 10
1223 3598 1308 3650 usqne

154 3671 192 3724 B²
213 3670 295 3725 CPV
308 3668 426 3738 FONQ‚
447 3670 511 3724 aad.
531 3669 566 3722 ad
585 3675 641 3732 oct,
661 3668 721 3722 edd.
761 3671 795 3722 14
814 3669 1033 3740 conputaberunt
1046 3671 1100 3723 iam
1115 3670 1143 3722 B
1181 3671 1310 3740 leprosi

154 3761 213 3814 edd.
230 3765 342 3828 praeter
359 3775 410 3812 rm
502 3759 533 3811 16
554 3757 704 3812 dominicae
724 3777 741 3828 χ
759 3760 847 3811 rael
919 3759 1036 3812 surrexit
1056 3758 1089 3811 0¹
1181 3759 1213 3811 17
1234 3761 1307 3828 ergo]

154 3849 264 3917 enimc
337 3847 407 3902 duae
427 3846 485 3901 dies
504 3847 537 3901 N
591 3847 623 3900 18
642 3847 730 3917 possit
748 3845 789 3900 E¹
805 3865 824 3916 p
894 3849 955 3915 nec]
975 3848 1039 3900 add.
1060 3849 1099 3901 stc
1121 3847 1148 3901 V
1219 3851 1308 3900 osteu-

154 3936 272 3992 derimns
299 3938 366 4006 0¹1³,
390 3937 613 3992 contenderemus
637 3940 702 4002 (ont.
727 3937 769 4004 H)
793 3937 944 4007 HAELp
1053 3936 1123 3991 illud
1147 3937 1307 4006 diluculum]

154 4027 231 4080 illum
250 4027 289 4079 B¹
344 4027 380 4080 20
399 4027 631 4096 obtenebratusp
684 4028 719 4080 23
739 4027 899 4096 extremum]
920 4027 1035 4095 primum
1055 4027 1093 4096 χψ
1166 4027 1238 4080 diem
1256 4043 1308 4080 om⁴

154 4131 175 4173 r,
195 4115 250 4169 diei
269 4114 309 4170 3²
326 4134 342 4184 γ
415 4115 577 4184 paraseebes
596 4115 624 4168 B
678 4115 712 4168 24
733 4115 885 4184 crucifixus]
907 4115 973 4170 add.
993 4119 1036 4169 θεῖ
1054 4114 1139 4168 HAL
1194 4117 1229 4169 25
1249 4115 1307 4184 quil

155 4205 217 4274 quia
235 4205 263 4258 B
336 4222 388 4274 que
407 4205 460 4258 iam
480 4209 589 4274 peraeta
610 4221 623 4256 r
