<?xml version="1.0" encoding="UTF-8"?>
<!DOCTYPE html PUBLIC "-//W3C//DTD XHTML 1.0 Transitional//EN"
    "http://www.w3.org/TR/xhtml1/DTD/xhtml1-transitional.dtd">
<html xmlns="http://www.w3.org/1999/xhtml" xml:lang="en" lang="en">
 <head>
  <title>
</title>
<meta http-equiv="Content-Type" content="text/html;charset=utf-8" />
  <meta name='ocr-system' content='tesseract 3.04.00' />
  <meta name='ocr-capabilities' content='ocr_page ocr_carea ocr_par ocr_line ocrx_word'/>
</head>
<body>
  <div class='ocr_page' id='page_1' title='image "./corpusscriptoru22wissgoog_0362.png"; bbox 0 0 3100 4967; ppageno 0'>
   <div class='ocr_carea' id='block_1_1' title="bbox 296 327 1095 400">
    <p class='ocr_par' dir='ltr' id='par_1_1' title="bbox 296 327 1095 400">
     <span class='ocr_line' id='line_1_1' title="bbox 296 327 1095 400; baseline -0.016 -3"><span class='ocrx_word' id='word_1_1' title='bbox 296 331 362 397; x_wconf 82' lang='lat'>320</span> <span class='ocrx_word' id='word_1_2' title='bbox 495 369 499 372; x_wconf 98' lang='lat'>-</span> <span class='ocrx_word' id='word_1_3' title='bbox 653 329 679 385; x_wconf 88' lang='lat' dir='ltr'>S.</span> <span class='ocrx_word' id='word_1_4' title='bbox 707 327 848 384; x_wconf 76' lang='lat' dir='ltr'>Aureli</span> <span class='ocrx_word' id='word_1_5' title='bbox 874 329 1095 400; x_wconf 76' lang='lat' dir='ltr'><strong>Augustini</strong></span> 
     </span>
    </p>
   </div>
   <div class='ocr_carea' id='block_1_2' title="bbox 178 525 1484 2956">
    <p class='ocr_par' dir='ltr' id='par_1_2' title="bbox 178 525 1484 2956">
     <span class='ocr_line' id='line_1_2' title="bbox 296 525 1447 608; baseline 0 -18"><span class='ocrx_word' id='word_1_6' title='bbox 296 529 430 590; x_wconf 77' lang='lat' dir='ltr'>autem</span> <span class='ocrx_word' id='word_1_7' title='bbox 459 526 661 592; x_wconf 85' lang='lat' dir='ltr'>duxeruut</span> <span class='ocrx_word' id='word_1_8' title='bbox 688 544 774 590; x_wconf 88' lang='lat' dir='ltr'>oum</span> <span class='ocrx_word' id='word_1_9' title='bbox 801 525 974 590; x_wconf 77' lang='lat' dir='ltr'>introiri</span> <span class='ocrx_word' id='word_1_10' title='bbox 1003 525 1150 589; x_wconf 86' lang='lat' dir='ltr'>atrium</span> <span class='ocrx_word' id='word_1_11' title='bbox 1179 525 1386 608; x_wconf 88' lang='lat' dir='ltr'>praetorii</span> <span class='ocrx_word' id='word_1_12' title='bbox 1412 529 1447 590; x_wconf 90' lang='lat' dir='ltr'>et</span> 
     </span>
     <span class='ocr_line' id='line_1_3' title="bbox 296 631 1445 717; baseline -0.002 -19"><span class='ocrx_word' id='word_1_13' title='bbox 296 637 524 698; x_wconf 86' lang='lat' dir='ltr'>conuocent</span> <span class='ocrx_word' id='word_1_14' title='bbox 542 636 668 698; x_wconf 90' lang='lat' dir='ltr'>totam</span> <span class='ocrx_word' id='word_1_15' title='bbox 692 633 912 710; x_wconf 88' lang='lat' dir='ltr'>cohortem,</span> <span class='ocrx_word' id='word_1_16' title='bbox 939 631 1006 698; x_wconf 77' lang='lat' dir='ltr'>¹⁷et</span> <span class='ocrx_word' id='word_1_17' title='bbox 1028 633 1205 697; x_wconf 88' lang='lat' dir='ltr'>induunt</span> <span class='ocrx_word' id='word_1_18' title='bbox 1226 653 1445 717; x_wconf 76' lang='lat' dir='ltr'>purpuram</span> 
     </span>
     <span class='ocr_line' id='line_1_4' title="bbox 296 739 1446 823; baseline -0.002 -19"><span class='ocrx_word' id='word_1_19' title='bbox 296 744 335 805; x_wconf 92' lang='lat' dir='ltr'>et</span> <span class='ocrx_word' id='word_1_20' title='bbox 364 740 565 823; x_wconf 88' lang='lat' dir='ltr'>inponunt</span> <span class='ocrx_word' id='word_1_21' title='bbox 598 741 632 806; x_wconf 90' lang='lat' dir='ltr'>ei</span> <span class='ocrx_word' id='word_1_22' title='bbox 665 741 900 823; x_wconf 86' lang='lat' dir='ltr'>plectentes</span> <span class='ocrx_word' id='word_1_23' title='bbox 933 741 1113 822; x_wconf 80' lang='lat' dir='ltr'>spineam</span> <span class='ocrx_word' id='word_1_24' title='bbox 1146 759 1348 816; x_wconf 86' lang='lat' dir='ltr'>coronam,</span> <span class='ocrx_word' id='word_1_25' title='bbox 1382 739 1446 803; x_wconf 82' lang='lat' dir='ltr'>¹⁸et</span> 
     </span>
     <span class='ocr_line' id='line_1_5' title="bbox 297 845 1446 930; baseline -0.003 -17"><span class='ocrx_word' id='word_1_26' title='bbox 297 853 521 930; x_wconf 88' lang='lat' dir='ltr'>coeperunt</span> <span class='ocrx_word' id='word_1_27' title='bbox 544 851 727 914; x_wconf 88' lang='lat' dir='ltr'>salutare</span> <span class='ocrx_word' id='word_1_28' title='bbox 751 866 853 913; x_wconf 88' lang='lat' dir='ltr'>eum:</span> <span class='ocrx_word' id='word_1_29' title='bbox 876 849 988 926; x_wconf 90' lang='lat' dir='ltr'>haue,</span> <span class='ocrx_word' id='word_1_30' title='bbox 1012 865 1077 912; x_wconf 84' lang='lat' dir='ltr'>rex</span> <span class='ocrx_word' id='word_1_31' title='bbox 1100 848 1358 921; x_wconf 78' lang='lat' dir='ltr'>Iudaeorum,</span> <span class='ocrx_word' id='word_1_32' title='bbox 1384 845 1446 910; x_wconf 80' lang='lat' dir='ltr'>¹⁹at</span> 
     </span>
     <span class='ocr_line' id='line_1_6' title="bbox 297 953 1482 1038; baseline -0.003 -20"><span class='ocrx_word' id='word_1_33' title='bbox 297 953 591 1038; x_wconf 78' lang='lat' dir='ltr'>percutiebant</span> <span class='ocrx_word' id='word_1_34' title='bbox 611 959 734 1037; x_wconf 84' lang='lat' dir='ltr'>caput</span> <span class='ocrx_word' id='word_1_35' title='bbox 753 955 839 1020; x_wconf 91' lang='lat' dir='ltr'>eius</span> <span class='ocrx_word' id='word_1_36' title='bbox 859 954 1087 1019; x_wconf 82' lang='lat' dir='ltr'>harundine</span> <span class='ocrx_word' id='word_1_37' title='bbox 1107 958 1146 1018; x_wconf 90' lang='lat' dir='ltr'>et</span> <span class='ocrx_word' id='word_1_38' title='bbox 1165 954 1447 1037; x_wconf 87' lang='lat' dir='ltr'>conspuebant</span> <span class='ocrx_word' id='word_1_39' title='bbox 1470 973 1482 1013; x_wconf 73' lang='lat' dir='ltr'>a</span> 
     </span>
     <span class='ocr_line' id='line_1_7' title="bbox 297 1059 1447 1144; baseline -0.001 -20"><span class='ocrx_word' id='word_1_40' title='bbox 297 1076 394 1139; x_wconf 88' lang='lat' dir='ltr'>eum,</span> <span class='ocrx_word' id='word_1_41' title='bbox 424 1064 463 1124; x_wconf 89' lang='lat' dir='ltr'>ot</span> <span class='ocrx_word' id='word_1_42' title='bbox 489 1064 689 1144; x_wconf 88' lang='lat' dir='ltr'>ponentes</span> <span class='ocrx_word' id='word_1_43' title='bbox 718 1076 847 1144; x_wconf 84' lang='lat' dir='ltr'>genua</span> <span class='ocrx_word' id='word_1_44' title='bbox 874 1061 1100 1126; x_wconf 79' lang='lat' dir='ltr'>adorabant</span> <span class='ocrx_word' id='word_1_45' title='bbox 1127 1078 1222 1126; x_wconf 88' lang='lat' dir='ltr'>oum.</span> <span class='ocrx_word' id='word_1_46' title='bbox 1251 1059 1447 1144; x_wconf 88' lang='lat' dir='ltr'>intellegitur</span> 
     </span>
     <span class='ocr_line' id='line_1_8' title="bbox 295 1166 1446 1252; baseline -0.001 -22"><span class='ocrx_word' id='word_1_47' title='bbox 295 1167 403 1250; x_wconf 86' lang='lat' dir='ltr'>itaque</span> <span class='ocrx_word' id='word_1_48' title='bbox 418 1167 502 1250; x_wconf 92' lang='lat' dir='ltr'>quod</span> <span class='ocrx_word' id='word_1_49' title='bbox 518 1166 683 1232; x_wconf 89' lang='lat' dir='ltr'>Mattheus</span> <span class='ocrx_word' id='word_1_50' title='bbox 699 1167 757 1232; x_wconf 88' lang='lat' dir='ltr'>ait:</span> <span class='ocrx_word' id='word_1_51' title='bbox 778 1167 1002 1252; x_wconf 79' lang='lat' dir='ltr'>clamydem</span> <span class='ocrx_word' id='word_1_52' title='bbox 1026 1167 1257 1232; x_wconf 79' lang='lat' dir='ltr'>coccineam</span> <span class='ocrx_word' id='word_1_53' title='bbox 1282 1166 1446 1230; x_wconf 90' lang='lat' dir='ltr'>circum-</span> 
     </span>
     <span class='ocr_line' id='line_1_9' title="bbox 297 1270 1445 1357; baseline -0.001 -19"><span class='ocrx_word' id='word_1_54' title='bbox 297 1270 496 1338; x_wconf 89' lang='lat' dir='ltr'>dederunt</span> <span class='ocrx_word' id='word_1_55' title='bbox 510 1274 555 1351; x_wconf 89' lang='lat' dir='ltr'>oi,</span> <span class='ocrx_word' id='word_1_56' title='bbox 572 1274 632 1338; x_wconf 95' lang='lat' dir='ltr'>hoc</span> <span class='ocrx_word' id='word_1_57' title='bbox 645 1273 791 1339; x_wconf 87' lang='lat' dir='ltr'>Marcum</span> <span class='ocrx_word' id='word_1_58' title='bbox 807 1274 938 1339; x_wconf 82' lang='lat' dir='ltr'>dixisse:</span> <span class='ocrx_word' id='word_1_59' title='bbox 953 1274 1131 1339; x_wconf 89' lang='lat' dir='ltr'>induunt</span> <span class='ocrx_word' id='word_1_60' title='bbox 1148 1291 1380 1357; x_wconf 84' lang='lat' dir='ltr'>purpuram.</span> <span class='ocrx_word' id='word_1_61' title='bbox 1392 1292 1445 1355; x_wconf 90' lang='lat' dir='ltr'>pre</span> 
     </span>
     <span class='ocr_line' id='line_1_10' title="bbox 295 1379 1445 1464; baseline -0.001 -20"><span class='ocrx_word' id='word_1_62' title='bbox 295 1381 384 1464; x_wconf 84' lang='lat' dir='ltr'>regia</span> <span class='ocrx_word' id='word_1_63' title='bbox 421 1381 504 1445; x_wconf 91' lang='lat' dir='ltr'>enim</span> <span class='ocrx_word' id='word_1_64' title='bbox 541 1396 682 1464; x_wconf 81' lang='lat' dir='ltr'>purpura</span> <span class='ocrx_word' id='word_1_65' title='bbox 719 1381 840 1464; x_wconf 83' lang='lat' dir='ltr'>clamys</span> <span class='ocrx_word' id='word_1_66' title='bbox 877 1381 934 1445; x_wconf 91' lang='lat' dir='ltr'>illa</span> <span class='ocrx_word' id='word_1_67' title='bbox 970 1382 1117 1445; x_wconf 88' lang='lat' dir='ltr'>coccinea</span> <span class='ocrx_word' id='word_1_68' title='bbox 1154 1380 1193 1444; x_wconf 87' lang='lat' dir='ltr'>ab</span> <span class='ocrx_word' id='word_1_69' title='bbox 1230 1379 1445 1444; x_wconf 87' lang='lat' dir='ltr'>inludentihus</span> 
     </span>
     <span class='ocr_line' id='line_1_11' title="bbox 297 1486 1483 1570; baseline -0.002 -19"><span class='ocrx_word' id='word_1_70' title='bbox 297 1486 440 1552; x_wconf 85' lang='lat' dir='ltr'>adhibita</span> <span class='ocrx_word' id='word_1_71' title='bbox 463 1490 540 1566; x_wconf 85' lang='lat' dir='ltr'>erat,</span> <span class='ocrx_word' id='word_1_72' title='bbox 570 1491 675 1551; x_wconf 87' lang='lat' dir='ltr'>otest</span> <span class='ocrx_word' id='word_1_73' title='bbox 696 1488 791 1551; x_wconf 86' lang='lat' dir='ltr'>rubra</span> <span class='ocrx_word' id='word_1_74' title='bbox 816 1488 970 1568; x_wconf 87' lang='lat' dir='ltr'>quaedam</span> <span class='ocrx_word' id='word_1_75' title='bbox 993 1505 1134 1570; x_wconf 84' lang='lat' dir='ltr'>purpura</span> <span class='ocrx_word' id='word_1_76' title='bbox 1156 1505 1251 1552; x_wconf 91' lang='lat' dir='ltr'>cocco</span> <span class='ocrx_word' id='word_1_77' title='bbox 1274 1487 1483 1553; x_wconf 75' lang='lat' dir='ltr'>simillimae</span> 
     </span>
     <span class='ocr_line' id='line_1_12' title="bbox 296 1578 1445 1678; baseline -0.001 -20"><span class='ocrx_word' id='word_1_78' title='bbox 296 1598 404 1678; x_wconf 87' lang='lat' dir='ltr'>potest</span> <span class='ocrx_word' id='word_1_79' title='bbox 423 1595 519 1658; x_wconf 87' lang='lat' dir='ltr'>etiam</span> <span class='ocrx_word' id='word_1_80' title='bbox 539 1593 615 1672; x_wconf 91' lang='lat' dir='ltr'>fieri,</span> <span class='ocrx_word' id='word_1_81' title='bbox 633 1595 671 1657; x_wconf 87' lang='lat' dir='ltr'>ut&#39;</span> <span class='ocrx_word' id='word_1_82' title='bbox 688 1611 861 1676; x_wconf 88' lang='lat' dir='ltr'>purpuram</span> <span class='ocrx_word' id='word_1_83' title='bbox 881 1595 976 1658; x_wconf 88' lang='lat' dir='ltr'>etiam</span> <span class='ocrx_word' id='word_1_84' title='bbox 995 1594 1124 1658; x_wconf 86' lang='lat' dir='ltr'>Marcus</span> <span class='ocrx_word' id='word_1_85' title='bbox 1144 1578 1445 1669; x_wconf 77' lang='lat' dir='ltr'>commemorauerit,</span> 
     </span>
     <span class='ocr_line' id='line_1_13' title="bbox 298 1697 1445 1784; baseline 0.001 -21"><span class='ocrx_word' id='word_1_86' title='bbox 298 1717 392 1781; x_wconf 90' lang='lat' dir='ltr'>quam</span> <span class='ocrx_word' id='word_1_87' title='bbox 425 1701 546 1784; x_wconf 81' lang='lat' dir='ltr'>clamys</span> <span class='ocrx_word' id='word_1_88' title='bbox 579 1697 724 1774; x_wconf 87' lang='lat' dir='ltr'>habebat,</span> <span class='ocrx_word' id='word_1_89' title='bbox 762 1701 912 1782; x_wconf 87' lang='lat' dir='ltr'>quamuis</span> <span class='ocrx_word' id='word_1_90' title='bbox 946 1704 1032 1765; x_wconf 91' lang='lat' dir='ltr'>osset</span> <span class='ocrx_word' id='word_1_91' title='bbox 1062 1701 1218 1765; x_wconf 85' lang='lat' dir='ltr'>coccinea</span> <span class='ocrx_word' id='word_1_92' title='bbox 1254 1699 1358 1765; x_wconf 86' lang='lat' dir='ltr'>Lucas</span> <span class='ocrx_word' id='word_1_93' title='bbox 1389 1701 1445 1764; x_wconf 90' lang='lat' dir='ltr'>hoc</span> 
     </span>
     <span class='ocr_line' id='line_1_14' title="bbox 297 1807 1444 1891; baseline 0 -21"><span class='ocrx_word' id='word_1_94' title='bbox 297 1807 520 1890; x_wconf 78' lang='lat' dir='ltr'>praetermisit.</span> <span class='ocrx_word' id='word_1_95' title='bbox 553 1807 707 1871; x_wconf 89' lang='lat' dir='ltr'>Iohannes</span> <span class='ocrx_word' id='word_1_96' title='bbox 741 1811 848 1872; x_wconf 88' lang='lat' dir='ltr'>antem</span> <span class='ocrx_word' id='word_1_97' title='bbox 882 1810 1051 1890; x_wconf 87' lang='lat' dir='ltr'>antequam</span> <span class='ocrx_word' id='word_1_98' title='bbox 1088 1809 1218 1885; x_wconf 87' lang='lat' dir='ltr'>diceret,</span> <span class='ocrx_word' id='word_1_99' title='bbox 1255 1808 1340 1891; x_wconf 88' lang='lat' dir='ltr'>quod</span> <span class='ocrx_word' id='word_1_100' title='bbox 1377 1826 1444 1872; x_wconf 88' lang='lat' dir='ltr'>eum</span> 
     </span>
     <span class='ocr_line' id='line_1_15' title="bbox 178 1911 1444 2014; baseline 0.001 -38"><span class='ocrx_word' id='word_1_101' title='bbox 178 1993 192 2014; x_wconf 40' lang='grc' dir='ltr'><strong><em>Ι</em></strong></span> <span class='ocrx_word' id='word_1_102' title='bbox 297 1913 422 1977; x_wconf 82' lang='lat' dir='ltr'>Pilatus</span> <span class='ocrx_word' id='word_1_103' title='bbox 452 1911 700 1997; x_wconf 84' lang='lat' dir='ltr'>crucifigendum</span> <span class='ocrx_word' id='word_1_104' title='bbox 732 1914 909 1990; x_wconf 82' lang='lat' dir='ltr'>tradiderit,</span> <span class='ocrx_word' id='word_1_105' title='bbox 942 1915 1208 1979; x_wconf 88' lang='lat' dir='ltr'>commemorauit</span> <span class='ocrx_word' id='word_1_106' title='bbox 1234 1915 1293 1980; x_wconf 90' lang='lat' dir='ltr'>hoc</span> <span class='ocrx_word' id='word_1_107' title='bbox 1326 1914 1444 1979; x_wconf 86' lang='lat' dir='ltr'>dicens:</span> 
     </span>
     <span class='ocr_line' id='line_1_16' title="bbox 303 2020 1482 2105; baseline -0.003 -22"><span class='ocrx_word' id='word_1_108' title='bbox 303 2020 1482 2105; x_wconf 83' lang='lat' dir='ltr'>¹tuncergoadprehenditPilatuslesumetflagellauit,a</span> 
     </span>
     <span class='ocr_line' id='line_1_17' title="bbox 302 2125 1444 2211; baseline 0.001 -21"><span class='ocrx_word' id='word_1_109' title='bbox 302 2125 355 2190; x_wconf 74' lang='lat' dir='ltr'>’et</span> <span class='ocrx_word' id='word_1_110' title='bbox 379 2125 538 2190; x_wconf 84' lang='lat' dir='ltr'>milites</span> <span class='ocrx_word' id='word_1_111' title='bbox 563 2127 797 2209; x_wconf 85' lang='lat' dir='ltr'>plectentes</span> <span class='ocrx_word' id='word_1_112' title='bbox 822 2143 1008 2194; x_wconf 88' lang='lat' dir='ltr'>coronam</span> <span class='ocrx_word' id='word_1_113' title='bbox 1033 2128 1078 2192; x_wconf 89' lang='lat' dir='ltr'>de</span> <span class='ocrx_word' id='word_1_114' title='bbox 1106 2127 1238 2210; x_wconf 88' lang='lat' dir='ltr'>spinis</span> <span class='ocrx_word' id='word_1_115' title='bbox 1265 2128 1444 2211; x_wconf 80' lang='lat' dir='ltr'>inposne</span> 
     </span>
     <span class='ocr_line' id='line_1_18' title="bbox 299 2232 1445 2316; baseline -0.001 -20"><span class='ocrx_word' id='word_1_116' title='bbox 299 2235 393 2297; x_wconf 89' lang='lat' dir='ltr'>runt</span> <span class='ocrx_word' id='word_1_117' title='bbox 414 2232 543 2316; x_wconf 87' lang='lat' dir='ltr'>capiti</span> <span class='ocrx_word' id='word_1_118' title='bbox 564 2232 652 2296; x_wconf 89' lang='lat' dir='ltr'>eius</span> <span class='ocrx_word' id='word_1_119' title='bbox 672 2239 710 2296; x_wconf 89' lang='lat' dir='ltr'>ot</span> <span class='ocrx_word' id='word_1_120' title='bbox 730 2237 848 2298; x_wconf 89' lang='lat' dir='ltr'>ueste</span> <span class='ocrx_word' id='word_1_121' title='bbox 867 2249 1071 2316; x_wconf 87' lang='lat' dir='ltr'>purpurea</span> <span class='ocrx_word' id='word_1_122' title='bbox 1089 2234 1445 2299; x_wconf 88' lang='lat' dir='ltr'>circumdederunt</span> 
     </span>
     <span class='ocr_line' id='line_1_19' title="bbox 299 2336 1445 2418; baseline 0 -16"><span class='ocrx_word' id='word_1_123' title='bbox 299 2353 385 2402; x_wconf 85' lang='lat' dir='ltr'>enm</span> <span class='ocrx_word' id='word_1_124' title='bbox 414 2336 465 2402; x_wconf 68' lang='lat' dir='ltr'>let</span> <span class='ocrx_word' id='word_1_125' title='bbox 493 2338 714 2402; x_wconf 85' lang='lat' dir='ltr'>ueniebant</span> <span class='ocrx_word' id='word_1_126' title='bbox 742 2338 788 2402; x_wconf 93' lang='lat' dir='ltr'>ad</span> <span class='ocrx_word' id='word_1_127' title='bbox 817 2358 902 2403; x_wconf 92' lang='lat' dir='ltr'>eum</span> <span class='ocrx_word' id='word_1_128' title='bbox 932 2343 971 2404; x_wconf 89' lang='lat' dir='ltr'>et</span> <span class='ocrx_word' id='word_1_129' title='bbox 999 2338 1207 2405; x_wconf 88' lang='lat' dir='ltr'>dicebant:</span> <span class='ocrx_word' id='word_1_130' title='bbox 1240 2341 1353 2418; x_wconf 86' lang='lat' dir='ltr'>haue,</span> <span class='ocrx_word' id='word_1_131' title='bbox 1384 2357 1445 2403; x_wconf 83' lang='lat' dir='ltr'>rex</span> 
     </span>
     <span class='ocr_line' id='line_1_20' title="bbox 298 2443 1442 2530; baseline 0 -23"><span class='ocrx_word' id='word_1_132' title='bbox 298 2443 554 2522; x_wconf 87' lang='lat' dir='ltr'>Iudaeorum,</span> <span class='ocrx_word' id='word_1_133' title='bbox 575 2447 613 2508; x_wconf 90' lang='lat' dir='ltr'>et</span> <span class='ocrx_word' id='word_1_134' title='bbox 633 2443 781 2509; x_wconf 86' lang='lat' dir='ltr'>dabant</span> <span class='ocrx_word' id='word_1_135' title='bbox 800 2446 835 2509; x_wconf 93' lang='lat' dir='ltr'>ei</span> <span class='ocrx_word' id='word_1_136' title='bbox 855 2448 1004 2529; x_wconf 87' lang='lat' dir='ltr'>alapas.</span> <span class='ocrx_word' id='word_1_137' title='bbox 1023 2446 1107 2510; x_wconf 90' lang='lat' dir='ltr'>unde</span> <span class='ocrx_word' id='word_1_138' title='bbox 1126 2447 1442 2530; x_wconf 85' lang='lat' dir='ltr'>apparetMattheam</span> 
     </span>
     <span class='ocr_line' id='line_1_21' title="bbox 298 2550 1484 2637; baseline -0.002 -24"><span class='ocrx_word' id='word_1_139' title='bbox 298 2557 331 2613; x_wconf 89' lang='lat' dir='ltr'>ot</span> <span class='ocrx_word' id='word_1_140' title='bbox 353 2550 496 2614; x_wconf 86' lang='lat' dir='ltr'>Marcum</span> <span class='ocrx_word' id='word_1_141' title='bbox 520 2550 757 2633; x_wconf 79' lang='lat' dir='ltr'>recapitulando</span> <span class='ocrx_word' id='word_1_142' title='bbox 786 2551 875 2615; x_wconf 90' lang='lat' dir='ltr'>istud</span> <span class='ocrx_word' id='word_1_143' title='bbox 898 2570 1176 2631; x_wconf 83' lang='lat' dir='ltr'>commemorasse,</span> <span class='ocrx_word' id='word_1_144' title='bbox 1203 2573 1265 2617; x_wconf 94' lang='lat' dir='ltr'>non</span> <span class='ocrx_word' id='word_1_145' title='bbox 1289 2572 1351 2637; x_wconf 92' lang='lat' dir='ltr'>qno</span> <span class='ocrx_word' id='word_1_146' title='bbox 1373 2558 1443 2615; x_wconf 88' lang='lat' dir='ltr'>tuuc</span> <span class='ocrx_word' id='word_1_147' title='bbox 1458 2573 1484 2611; x_wconf 78' lang='lat' dir='ltr'>aa</span> 
     </span>
     <span class='ocr_line' id='line_1_22' title="bbox 297 2655 1442 2743; baseline 0.002 -23"><span class='ocrx_word' id='word_1_148' title='bbox 297 2655 418 2720; x_wconf 80' lang='lat' dir='ltr'>lactum</span> <span class='ocrx_word' id='word_1_149' title='bbox 446 2655 499 2734; x_wconf 88' lang='lat' dir='ltr'>sit,</span> <span class='ocrx_word' id='word_1_150' title='bbox 527 2674 598 2720; x_wconf 90' lang='lat' dir='ltr'>curn</span> <span class='ocrx_word' id='word_1_151' title='bbox 628 2675 702 2721; x_wconf 91' lang='lat' dir='ltr'>eum</span> <span class='ocrx_word' id='word_1_152' title='bbox 730 2657 855 2722; x_wconf 87' lang='lat' dir='ltr'>Pilatus</span> <span class='ocrx_word' id='word_1_153' title='bbox 882 2658 943 2721; x_wconf 88' lang='lat' dir='ltr'>iam</span> <span class='ocrx_word' id='word_1_154' title='bbox 974 2659 1224 2743; x_wconf 82' lang='lat' dir='ltr'>crucifigendum</span> <span class='ocrx_word' id='word_1_155' title='bbox 1255 2657 1442 2723; x_wconf 82' lang='lat' dir='ltr'>tradidisset</span> 
     </span>
     <span class='ocr_line' id='line_1_23' title="bbox 297 2762 1441 2849; baseline 0.001 -23"><span class='ocrx_word' id='word_1_156' title='bbox 297 2762 453 2826; x_wconf 88' lang='lat' dir='ltr'>lohannes</span> <span class='ocrx_word' id='word_1_157' title='bbox 478 2763 560 2827; x_wconf 91' lang='lat' dir='ltr'>enim</span> <span class='ocrx_word' id='word_1_158' title='bbox 585 2768 663 2844; x_wconf 89' lang='lat' dir='ltr'>aput</span> <span class='ocrx_word' id='word_1_159' title='bbox 686 2765 827 2828; x_wconf 90' lang='lat' dir='ltr'>Pilatum</span> <span class='ocrx_word' id='word_1_160' title='bbox 851 2764 930 2829; x_wconf 92' lang='lat' dir='ltr'>dicit</span> <span class='ocrx_word' id='word_1_161' title='bbox 952 2765 1030 2829; x_wconf 87' lang='lat' dir='ltr'>haec</span> <span class='ocrx_word' id='word_1_162' title='bbox 1054 2769 1145 2849; x_wconf 84' lang='lat' dir='ltr'>gesta</span> <span class='ocrx_word' id='word_1_163' title='bbox 1168 2765 1246 2830; x_wconf 87' lang='lat' dir='ltr'>satis</span> <span class='ocrx_word' id='word_1_164' title='bbox 1275 2765 1441 2841; x_wconf 83' lang='lat' dir='ltr'>euidenter,</span> 
     </span>
     <span class='ocr_line' id='line_1_24' title="bbox 298 2868 1442 2956; baseline 0.003 -25"><span class='ocrx_word' id='word_1_165' title='bbox 298 2868 381 2932; x_wconf 88' lang='lat' dir='ltr'>unde</span> <span class='ocrx_word' id='word_1_166' title='bbox 405 2869 460 2932; x_wconf 88' lang='lat' dir='ltr'>isti</span> <span class='ocrx_word' id='word_1_167' title='bbox 480 2869 564 2951; x_wconf 91' lang='lat' dir='ltr'>quod</span> <span class='ocrx_word' id='word_1_168' title='bbox 583 2870 811 2951; x_wconf 86' lang='lat' dir='ltr'>praeterierant</span> <span class='ocrx_word' id='word_1_169' title='bbox 826 2873 1037 2937; x_wconf 89' lang='lat' dir='ltr'>recoluerunt.</span> <span class='ocrx_word' id='word_1_170' title='bbox 1062 2873 1100 2935; x_wconf 92' lang='lat' dir='ltr'>ad</span> <span class='ocrx_word' id='word_1_171' title='bbox 1119 2873 1178 2937; x_wconf 92' lang='lat' dir='ltr'>hoo</span> <span class='ocrx_word' id='word_1_172' title='bbox 1195 2872 1335 2956; x_wconf 66' lang='lat' dir='ltr'>‘pertinet</span> <span class='ocrx_word' id='word_1_173' title='bbox 1352 2872 1442 2935; x_wconf 86' lang='lat' dir='ltr'>etiam</span> 
     </span>
    </p>
   </div>
   <div class='ocr_carea' id='block_1_3' title="bbox 299 2974 1484 3168">
    <p class='ocr_par' dir='ltr' id='par_1_3' title="bbox 299 2974 1484 3168">
     <span class='ocr_line' id='line_1_25' title="bbox 299 2974 1442 3061; baseline 0.001 -22"><span class='ocrx_word' id='word_1_174' title='bbox 299 2974 384 3056; x_wconf 89' lang='lat' dir='ltr'>quod</span> <span class='ocrx_word' id='word_1_175' title='bbox 408 2989 638 3059; x_wconf 87' lang='lat' dir='ltr'>consequenter</span> <span class='ocrx_word' id='word_1_176' title='bbox 661 2974 739 3040; x_wconf 89' lang='lat' dir='ltr'>dicit</span> <span class='ocrx_word' id='word_1_177' title='bbox 757 2977 939 3042; x_wconf 86' lang='lat' dir='ltr'>Mattheus:</span> <span class='ocrx_word' id='word_1_178' title='bbox 964 2977 1033 3042; x_wconf 75' lang='lat' dir='ltr'>³⁰et</span> <span class='ocrx_word' id='word_1_179' title='bbox 1056 2983 1279 3061; x_wconf 87' lang='lat' dir='ltr'>expuentes</span> <span class='ocrx_word' id='word_1_180' title='bbox 1301 2978 1339 3042; x_wconf 94' lang='lat' dir='ltr'>in</span> <span class='ocrx_word' id='word_1_181' title='bbox 1362 2997 1442 3041; x_wconf 90' lang='lat' dir='ltr'>eum</span> 
     </span>
     <span class='ocr_line' id='line_1_26' title="bbox 301 3083 1484 3168; baseline -0.002 -23"><span class='ocrx_word' id='word_1_182' title='bbox 301 3087 550 3165; x_wconf 86' lang='lat' dir='ltr'>acceperunt</span> <span class='ocrx_word' id='word_1_183' title='bbox 569 3083 835 3147; x_wconf 88' lang='lat' dir='ltr'>harundinem</span> <span class='ocrx_word' id='word_1_184' title='bbox 851 3085 1441 3168; x_wconf 87' lang='lat' dir='ltr'>etpercutiabantcaputeius.</span> <span class='ocrx_word' id='word_1_185' title='bbox 1458 3101 1484 3142; x_wconf 75' lang='lat' dir='ltr'>as</span> 
     </span>
    </p>
   </div>
   <div class='ocr_carea' id='block_1_4' title="bbox 391 3305 1077 3377">
    <p class='ocr_par' dir='ltr' id='par_1_4' title="bbox 391 3305 1077 3377">
     <span class='ocr_line' id='line_1_27' title="bbox 391 3305 1077 3377; baseline 0.004 -18"><span class='ocrx_word' id='word_1_186' title='bbox 391 3307 424 3360; x_wconf 82' lang='lat'>15</span> <span class='ocrx_word' id='word_1_187' title='bbox 442 3305 501 3363; x_wconf 91' lang='lat' dir='ltr'>Ioh.</span> <span class='ocrx_word' id='word_1_188' title='bbox 523 3307 564 3373; x_wconf 89' lang='grc'>19,</span> <span class='ocrx_word' id='word_1_189' title='bbox 585 3308 654 3361; x_wconf 85' lang='lat'>1—3</span> <span class='ocrx_word' id='word_1_190' title='bbox 709 3310 744 3362; x_wconf 87' lang='lat'>24</span> <span class='ocrx_word' id='word_1_191' title='bbox 762 3308 862 3366; x_wconf 87' lang='lat' dir='ltr'>Matth.</span> <span class='ocrx_word' id='word_1_192' title='bbox 882 3310 925 3377; x_wconf 79' lang='lat' dir='ltr'>at,</span> <span class='ocrx_word' id='word_1_193' title='bbox 944 3309 979 3364; x_wconf 81' lang='lat'>30</span> <span class='ocrx_word' id='word_1_194' title='bbox 999 3312 1027 3362; x_wconf 88' lang='lat' dir='ltr'>et</span> <span class='ocrx_word' id='word_1_195' title='bbox 1045 3310 1077 3363; x_wconf 87' lang='lat'>31</span> 
     </span>
    </p>
   </div>
   <div class='ocr_carea' id='block_1_5' title="bbox 301 3429 1442 4300">
    <p class='ocr_par' dir='ltr' id='par_1_5' title="bbox 301 3429 1442 4300">
     <span class='ocr_line' id='line_1_28' title="bbox 338 3429 1438 3506; baseline 0.005 -25"><span class='ocrx_word' id='word_1_196' title='bbox 338 3429 443 3482; x_wconf 85' lang='lat' dir='ltr'>lintro</span> <span class='ocrx_word' id='word_1_197' title='bbox 464 3429 560 3499; x_wconf 57' lang='lat' dir='ltr'>aaut)</span> <span class='ocrx_word' id='word_1_198' title='bbox 631 3431 659 3483; x_wconf 91' lang='lat' dir='ltr'>in</span> <span class='ocrx_word' id='word_1_199' title='bbox 678 3447 729 3484; x_wconf 89' lang='lat' dir='ltr'>om.</span> <span class='ocrx_word' id='word_1_200' title='bbox 749 3432 811 3485; x_wconf 81' lang='lat' dir='ltr'>ML</span> <span class='ocrx_word' id='word_1_201' title='bbox 884 3434 953 3486; x_wconf 86' lang='lat' dir='ltr'>atrio</span> <span class='ocrx_word' id='word_1_202' title='bbox 974 3431 1149 3506; x_wconf 56' lang='lat' dir='ltr'>HAELSty</span> <span class='ocrx_word' id='word_1_203' title='bbox 1200 3433 1360 3504; x_wconf 73' lang='lat' dir='ltr'>tinduunt]</span> <span class='ocrx_word' id='word_1_204' title='bbox 1379 3432 1438 3486; x_wconf 72' lang='lat' dir='ltr'>cdd</span> 
     </span>
     <span class='ocr_line' id='line_1_29' title="bbox 301 3516 1439 3595; baseline 0.006 -25"><span class='ocrx_word' id='word_1_205' title='bbox 301 3533 361 3570; x_wconf 88' lang='lat' dir='ltr'>eum</span> <span class='ocrx_word' id='word_1_206' title='bbox 385 3516 435 3589; x_wconf 65' lang='grc' dir='ltr'>γρ</span> <span class='ocrx_word' id='word_1_207' title='bbox 452 3519 512 3571; x_wconf 83' lang='lat' dir='ltr'>edd.</span> <span class='ocrx_word' id='word_1_208' title='bbox 531 3525 641 3588; x_wconf 82' lang='lat' dir='ltr'>praeter</span> <span class='ocrx_word' id='word_1_209' title='bbox 658 3537 718 3590; x_wconf 58' lang='grc' dir='ltr'>μμ»</span> <span class='ocrx_word' id='word_1_210' title='bbox 791 3537 910 3591; x_wconf 81' lang='lat' dir='ltr'>purpura</span> <span class='ocrx_word' id='word_1_211' title='bbox 927 3523 985 3577; x_wconf 88' lang='lat' dir='ltr'>RD</span> <span class='ocrx_word' id='word_1_212' title='bbox 1003 3543 1021 3595; x_wconf 83' lang='grc' dir='ltr'><strong>χ</strong></span> <span class='ocrx_word' id='word_1_213' title='bbox 1040 3522 1100 3577; x_wconf 84' lang='lat' dir='ltr'>edd.</span> <span class='ocrx_word' id='word_1_214' title='bbox 1115 3529 1230 3592; x_wconf 74' lang='lat' dir='ltr'>practer</span> <span class='ocrx_word' id='word_1_215' title='bbox 1246 3541 1315 3586; x_wconf 66' lang='lat' dir='ltr'>cm</span> <span class='ocrx_word' id='word_1_216' title='bbox 1361 3523 1439 3579; x_wconf 74' lang='lat' dir='ltr'>tha·</span> 
     </span>
     <span class='ocr_line' id='line_1_30' title="bbox 301 3604 1441 3682; baseline 0.004 -22"><span class='ocrx_word' id='word_1_217' title='bbox 301 3604 443 3660; x_wconf 80' lang='lat' dir='ltr'>rurrdinem</span> <span class='ocrx_word' id='word_1_218' title='bbox 466 3609 516 3660; x_wconf 82' lang='grc' dir='ltr'>ΟΡ</span> <span class='ocrx_word' id='word_1_219' title='bbox 536 3608 631 3680; x_wconf 72' lang='grc' dir='ltr'>ΟΜᾯ</span> <span class='ocrx_word' id='word_1_220' title='bbox 676 3610 692 3663; x_wconf 87' lang='grc'>6</span> <span class='ocrx_word' id='word_1_221' title='bbox 713 3627 786 3678; x_wconf 89' lang='lat' dir='ltr'>genn</span> <span class='ocrx_word' id='word_1_222' title='bbox 803 3609 862 3665; x_wconf 83' lang='lat' dir='ltr'>RD</span> <span class='ocrx_word' id='word_1_223' title='bbox 882 3611 1003 3682; x_wconf 74' lang='lat' dir='ltr'>OPVQ</span> <span class='ocrx_word' id='word_1_224' title='bbox 1053 3614 1069 3666; x_wconf 84' lang='lat'>8</span> <span class='ocrx_word' id='word_1_225' title='bbox 1089 3615 1113 3667; x_wconf 92' lang='lat' dir='ltr'>ei</span> <span class='ocrx_word' id='word_1_226' title='bbox 1133 3629 1184 3666; x_wconf 86' lang='lat' dir='ltr'>om.</span> <span class='ocrx_word' id='word_1_227' title='bbox 1203 3611 1335 3676; x_wconf 70' lang='lat' dir='ltr'>Ham,</span> <span class='ocrx_word' id='word_1_228' title='bbox 1353 3627 1441 3680; x_wconf 76' lang='lat' dir='ltr'>enmy</span> 
     </span>
     <span class='ocr_line' id='line_1_31' title="bbox 301 3695 1441 3772; baseline 0.004 -26"><span class='ocrx_word' id='word_1_229' title='bbox 301 3695 418 3749; x_wconf 85' lang='lat' dir='ltr'>induunt</span> <span class='ocrx_word' id='word_1_230' title='bbox 436 3696 542 3765; x_wconf 77' lang='lat' dir='ltr'>scripsi,</span> <span class='ocrx_word' id='word_1_231' title='bbox 562 3697 687 3751; x_wconf 89' lang='lat' dir='ltr'>indutum</span> <span class='ocrx_word' id='word_1_232' title='bbox 703 3700 790 3759; x_wconf 81' lang='lat' dir='ltr'>codd..</span> <span class='ocrx_word' id='word_1_233' title='bbox 805 3701 875 3760; x_wconf 83' lang='lat' dir='ltr'>edd..</span> <span class='ocrx_word' id='word_1_234' title='bbox 890 3700 1007 3755; x_wconf 85' lang='lat' dir='ltr'>induunt</span> <span class='ocrx_word' id='word_1_235' title='bbox 1021 3718 1081 3754; x_wconf 91' lang='lat' dir='ltr'>eum</span> <span class='ocrx_word' id='word_1_236' title='bbox 1096 3701 1281 3772; x_wconf 75' lang='lat' dir='ltr'>Enpeltrectt</span> <span class='ocrx_word' id='word_1_237' title='bbox 1332 3715 1441 3772; x_wconf 76' lang='lat' dir='ltr'>purpura</span> 
     </span>
     <span class='ocr_line' id='line_1_32' title="bbox 307 3783 1438 3861; baseline 0.004 -26"><span class='ocrx_word' id='word_1_238' title='bbox 307 3783 362 3836; x_wconf 88' lang='lat' dir='ltr'>VN</span> <span class='ocrx_word' id='word_1_239' title='bbox 378 3783 438 3839; x_wconf 83' lang='lat' dir='ltr'>edd.</span> <span class='ocrx_word' id='word_1_240' title='bbox 453 3791 545 3853; x_wconf 79' lang='lat' dir='ltr'>praet.</span> <span class='ocrx_word' id='word_1_241' title='bbox 566 3803 615 3839; x_wconf 84' lang='lat' dir='ltr'>rm</span> <span class='ocrx_word' id='word_1_242' title='bbox 652 3787 810 3841; x_wconf 74' lang='lat' dir='ltr'>telamidie</span> <span class='ocrx_word' id='word_1_243' title='bbox 828 3787 896 3844; x_wconf 77' lang='lat'>0²1³.</span> <span class='ocrx_word' id='word_1_244' title='bbox 917 3789 1087 3861; x_wconf 78' lang='lat' dir='ltr'>elauridyeQ</span> <span class='ocrx_word' id='word_1_245' title='bbox 1140 3792 1276 3845; x_wconf 80' lang='lat' dir='ltr'>cocineanr</span> <span class='ocrx_word' id='word_1_246' title='bbox 1292 3791 1318 3844; x_wconf 87' lang='lat' dir='ltr'><em>B</em></span> <span class='ocrx_word' id='word_1_247' title='bbox 1354 3791 1438 3843; x_wconf 77' lang='lat' dir='ltr'>idat·</span> 
     </span>
     <span class='ocr_line' id='line_1_33' title="bbox 301 3873 1439 3944; baseline 0.004 -19"><span class='ocrx_word' id='word_1_248' title='bbox 301 3873 391 3927; x_wconf 86' lang='lat' dir='ltr'>bibita</span> <span class='ocrx_word' id='word_1_249' title='bbox 409 3874 444 3942; x_wconf 88' lang='lat' dir='ltr'>B,</span> <span class='ocrx_word' id='word_1_250' title='bbox 464 3873 594 3928; x_wconf 88' lang='lat' dir='ltr'>adhibeto</span> <span class='ocrx_word' id='word_1_251' title='bbox 612 3875 644 3929; x_wconf 82' lang='lat'>0¹</span> <span class='ocrx_word' id='word_1_252' title='bbox 735 3879 808 3932; x_wconf 85' lang='lat' dir='ltr'>cocci</span> <span class='ocrx_word' id='word_1_253' title='bbox 825 3877 952 3932; x_wconf 71' lang='lat' dir='ltr'>Ham</span> <span class='ocrx_word' id='word_1_254' title='bbox 1022 3880 1054 3933; x_wconf 86' lang='lat'>12</span> <span class='ocrx_word' id='word_1_255' title='bbox 1074 3879 1198 3934; x_wconf 86' lang='lat' dir='ltr'>clamidis</span> <span class='ocrx_word' id='word_1_256' title='bbox 1218 3879 1282 3934; x_wconf 76' lang='lat'><em>0²1&gt;</em></span> <span class='ocrx_word' id='word_1_257' title='bbox 1365 3878 1439 3944; x_wconf 75' lang='lat' dir='ltr'>esset]</span> 
     </span>
     <span class='ocr_line' id='line_1_34' title="bbox 304 3963 1439 4037; baseline 0.004 -24"><span class='ocrx_word' id='word_1_258' title='bbox 304 3965 376 4015; x_wconf 89' lang='lat' dir='ltr'>esset</span> <span class='ocrx_word' id='word_1_259' title='bbox 397 3965 424 4015; x_wconf 89' lang='lat' dir='ltr'>et</span> <span class='ocrx_word' id='word_1_260' title='bbox 442 3963 470 4016; x_wconf 86' lang='lat' dir='ltr'><em>R</em></span> <span class='ocrx_word' id='word_1_261' title='bbox 532 3964 746 4036; x_wconf 79' lang='lat' dir='ltr'>15flagelleuit]</span> <span class='ocrx_word' id='word_1_262' title='bbox 769 3966 915 4020; x_wconf 75' lang='lat' dir='ltr'>addeum</span> <span class='ocrx_word' id='word_1_263' title='bbox 934 3967 1256 4037; x_wconf 74' lang='lat' dir='ltr'>AE¹L,aoo.i11ump</span> <span class='ocrx_word' id='word_1_264' title='bbox 1306 3969 1339 4023; x_wconf 88' lang='lat'>18</span> <span class='ocrx_word' id='word_1_265' title='bbox 1356 3968 1439 4022; x_wconf 79' lang='lat' dir='ltr'>senie-</span> 
     </span>
     <span class='ocr_line' id='line_1_35' title="bbox 302 4049 1440 4125; baseline 0.007 -23"><span class='ocrx_word' id='word_1_266' title='bbox 302 4063 354 4102; x_wconf 85' lang='lat' dir='ltr'>ucn</span> <span class='ocrx_word' id='word_1_267' title='bbox 375 4049 415 4102; x_wconf 83' lang='lat' dir='ltr'>Bl</span> <span class='ocrx_word' id='word_1_268' title='bbox 498 4051 531 4105; x_wconf 87' lang='grc'>19</span> <span class='ocrx_word' id='word_1_269' title='bbox 551 4053 643 4106; x_wconf 81' lang='lat' dir='ltr'>alabas</span> <span class='ocrx_word' id='word_1_270' title='bbox 665 4053 694 4121; x_wconf 80' lang='lat'>0,</span> <span class='ocrx_word' id='word_1_271' title='bbox 714 4055 963 4122; x_wconf 68' lang='lat' dir='ltr'>palmariam</span> <span class='ocrx_word' id='word_1_272' title='bbox 1052 4057 1088 4111; x_wconf 77' lang='lat'>20</span> <span class='ocrx_word' id='word_1_273' title='bbox 1110 4057 1163 4110; x_wconf 88' lang='lat' dir='ltr'>isto</span> <span class='ocrx_word' id='word_1_274' title='bbox 1190 4055 1259 4120; x_wconf 74' lang='lat'>0²1³,</span> <span class='ocrx_word' id='word_1_275' title='bbox 1281 4058 1338 4112; x_wconf 78' lang='lat' dir='ltr'>istc</span> <span class='ocrx_word' id='word_1_276' title='bbox 1357 4055 1440 4125; x_wconf 68' lang='lat' dir='ltr'>Vyr</span> 
     </span>
     <span class='ocr_line' id='line_1_36' title="bbox 304 4139 1442 4215; baseline 0.004 -24"><span class='ocrx_word' id='word_1_277' title='bbox 304 4139 366 4207; x_wconf 82' lang='lat' dir='ltr'>quo]</span> <span class='ocrx_word' id='word_1_278' title='bbox 393 4139 540 4207; x_wconf 84' lang='lat' dir='ltr'>quodRD</span> <span class='ocrx_word' id='word_1_279' title='bbox 562 4140 731 4210; x_wconf 80' lang='lat' dir='ltr'>GPVylm</span> <span class='ocrx_word' id='word_1_280' title='bbox 820 4145 852 4196; x_wconf 86' lang='lat'>21</span> <span class='ocrx_word' id='word_1_281' title='bbox 875 4160 935 4196; x_wconf 90' lang='lat' dir='ltr'>enm</span> <span class='ocrx_word' id='word_1_282' title='bbox 954 4161 1006 4198; x_wconf 85' lang='lat' dir='ltr'>om.</span> <span class='ocrx_word' id='word_1_283' title='bbox 1024 4144 1065 4197; x_wconf 76' lang='lat'>13¹</span> <span class='ocrx_word' id='word_1_284' title='bbox 1144 4145 1179 4198; x_wconf 81' lang='lat'>22</span> <span class='ocrx_word' id='word_1_285' title='bbox 1199 4146 1284 4215; x_wconf 82' lang='lat' dir='ltr'>enirn]</span> <span class='ocrx_word' id='word_1_286' title='bbox 1307 4139 1442 4200; x_wconf 66' lang='lat' dir='ltr'>antemi!</span> 
     </span>
     <span class='ocr_line' id='line_1_37' title="bbox 302 4227 1239 4300; baseline 0.009 -20"><span class='ocrx_word' id='word_1_287' title='bbox 302 4227 337 4279; x_wconf 85' lang='lat'>23</span> <span class='ocrx_word' id='word_1_288' title='bbox 356 4227 448 4296; x_wconf 84' lang='lat' dir='ltr'>recol]</span> <span class='ocrx_word' id='word_1_289' title='bbox 469 4229 650 4299; x_wconf 85' lang='lat' dir='ltr'>recapitulant</span> <span class='ocrx_word' id='word_1_290' title='bbox 673 4227 698 4282; x_wconf 91' lang='lat' dir='ltr'><em>V</em></span> <span class='ocrx_word' id='word_1_291' title='bbox 759 4231 874 4300; x_wconf 88' lang='lat' dir='ltr'>pertinit</span> <span class='ocrx_word' id='word_1_292' title='bbox 895 4232 927 4285; x_wconf 81' lang='lat'>0¹</span> <span class='ocrx_word' id='word_1_293' title='bbox 982 4233 1016 4287; x_wconf 86' lang='lat'>24</span> <span class='ocrx_word' id='word_1_294' title='bbox 1036 4235 1065 4288; x_wconf 89' lang='lat' dir='ltr'>et</span> <span class='ocrx_word' id='word_1_295' title='bbox 1082 4247 1133 4290; x_wconf 76' lang='lat' dir='ltr'>om.</span> <span class='ocrx_word' id='word_1_296' title='bbox 1152 4232 1239 4288; x_wconf 85' lang='lat' dir='ltr'>BRD</span> 
     </span>
    </p>
   </div>
   <div class='ocr_carea' id='block_1_6' title="bbox 0 0 1559 4967">
    <p class='ocr_par' dir='ltr' id='par_1_6' title="bbox 0 0 1559 4967">
     <span class='ocr_line' id='line_1_38' title="bbox 0 0 1559 4967; baseline 0 0"><span class='ocrx_word' id='word_1_297' title='bbox 0 0 1559 4967; x_wconf 95' lang='lat' dir='ltr'> </span> 
     </span>
    </p>
   </div>
  </div>
 </body>
</html>
