3100 4967
309 304 351 359 de
376 322 475 359 cons.
504 306 851 375 euangelistarum
871 306 918 360 lib.
937 306 987 360 111.
1007 323 1066 376 cap.
1087 307 1159 361 XXV
1253 311 1318 376 383

166 502 247 566 eius
276 504 312 565 et
340 500 462 568 Petro.
496 500 583 582 quia
611 498 810 582 praecedit
838 518 905 564 uos
934 500 969 563 in
1001 498 1227 577 Galilasam;
1263 501 1318 565 ibi

167 627 246 673 eum
267 607 467 698 uidebitis,
491 608 594 672 sicut
617 608 714 671 dixit
735 608 868 672 uobis?
889 608 966 672 baec
987 608 1083 671 uerba
1101 608 1148 672 ita
1165 608 1318 674 uidentur

165 733 288 793 sonare,
312 714 396 796 quod
427 714 519 779 lesus
543 732 604 777 non
629 718 697 779 erat
720 733 754 778 se
784 713 1063 779 demonstraturus
1082 719 1156 797 post
1184 734 1319 780 resume·

164 821 303 885 ctionem
322 820 490 903 discipulis
514 822 575 885 nisi
597 820 629 883 in
651 819 803 885 Galilaea.
824 840 918 903 quam
940 820 1239 887 demonstrationem
1261 840 1319 885 nec

132 926 233 1009 eipso
251 926 380 991 Marcus
401 926 675 1003 commemorauit,
696 927 750 1009 qui
771 947 844 991 eum
865 926 943 991 dixit
962 946 1054 991 mane
1074 928 1175 1011 prima
1195 928 1318 993 sabbati

164 1033 351 1114 apparuisse
366 1033 467 1115 primo
479 1032 600 1096 Mariae
610 1033 818 1117 Magdalenae
830 1038 862 1097 et
872 1032 958 1096 illam
970 1034 1135 1098 nuntiasse
1152 1034 1318 1117 discipulis

162 1139 212 1203 bis
241 1137 296 1222 qui
325 1158 398 1204 cum
427 1158 464 1204 eo
492 1140 618 1205 fuerant
645 1140 830 1224 lugentibus
859 1143 892 1203 et
919 1138 1080 1217 flentibus,
1111 1141 1184 1207 illos
1210 1144 1316 1205 autem

162 1263 222 1308 non
242 1243 425 1322 credidisse,
441 1248 515 1327 post
533 1246 612 1309 baec
632 1244 743 1310 deinde
763 1245 889 1326 duobus
911 1264 946 1309 ex
966 1246 1016 1311 his
1037 1247 1222 1329 apparuisse
1242 1265 1316 1310 erru-

162 1352 250 1415 tibus
278 1352 309 1415 in
337 1352 449 1416 uillam
479 1356 512 1416 et
537 1352 611 1417 illos
641 1352 754 1417 ceteris
782 1352 958 1429 nuntiasse,
992 1352 1076 1434 quod
1104 1352 1226 1416 factum
1255 1356 1315 1427 est,

23 1523 24 1532 ,
124 1482 148 1521 ιο
174 1459 260 1524 sicut
282 1459 385 1524 Lucas
414 1462 447 1523 et
467 1459 623 1524 Iohannes
646 1461 887 1533 coattestantur,
915 1458 947 1522 in
977 1458 1177 1525 Hierusalem
1206 1458 1317 1525 codam

162 1568 233 1651 ipso
268 1565 318 1629 die
356 1566 597 1630 resurrectionis
638 1565 702 1628 iarn
736 1565 839 1629 noctis
871 1564 978 1630 initio:
1013 1566 1125 1630 deinde
1157 1568 1246 1630 uenit
1277 1565 1316 1629 ad

161 1673 251 1737 illam
272 1672 341 1736 eius
360 1671 662 1749 manifestationem,
683 1691 776 1753 quarn
799 1672 1007 1736 nouissimam
1027 1671 1114 1751 dicit,
1133 1674 1316 1737 recumben-

162 1779 249 1844 tibus
269 1778 335 1843 illis
354 1777 517 1855 undecim,
536 1782 611 1860 post
629 1779 710 1843 hanc
730 1778 807 1842 dicit
827 1798 898 1842 curn
920 1779 1104 1843 adsumtum
1125 1780 1155 1843 in
1181 1781 1316 1847 caelum.

162 1885 247 1967 quod
268 1886 390 1949 factum
411 1886 531 1949 scimus
549 1884 580 1948 in
599 1888 703 1949 rnonte
724 1884 835 1949 cliueti
856 1903 915 1948 non
936 1884 1029 1969 longe
1050 1885 1089 1949 ab
1103 1886 1314 1950 Hierusalem.

121 2010 322 2074 unusquam
357 1991 458 2075 igitur
495 1997 722 2080 commemorat
759 1992 888 2055 Marcus
926 1992 1108 2074 conpletum
1154 1991 1237 2074 quod
1276 1993 1313 2055 ab

162 2098 274 2182 angelo
294 2098 549 2181 praenuntiatum
575 2116 644 2161 esse
668 2101 815 2162 testatur.
839 2097 1003 2163 Mattheus
1026 2116 1103 2162 uero
1126 2098 1204 2162 nihil
1229 2098 1314 2163 aliud

162 2204 241 2269 dicit
269 2224 327 2269 nec
353 2205 457 2268 ullum
487 2204 585 2268 alium
613 2204 720 2269 locum
751 2206 877 2269 omnino
907 2207 1135 2269 commemorat
1164 2205 1214 2269 uel
1242 2209 1314 2269 ante

160 2312 211 2376 uel
250 2319 372 2393 postea,
415 2312 469 2375 ubi
509 2311 668 2393 discipuli.
710 2315 921 2393 posteaquam
959 2312 1138 2387 resurrexit,
1177 2311 1315 2376 uiderint

93 2460 98 2467 -
161 2418 324 2483 domiuum
358 2418 421 2481 nisi
453 2417 483 2481 in
524 2416 665 2481 Galilaea
707 2418 882 2482 secundnm
917 2419 1022 2502 angeli
1054 2418 1312 2501 praedictionem.

119 2548 143 2589 so
160 2524 298 2607 denique
326 2542 398 2588 cum
424 2524 627 2589 insinuasset.
658 2524 734 2607 quid
764 2525 802 2587 ab
832 2526 945 2608 angelo
979 2524 1166 2589 mulieribus
1192 2524 1312 2589 dictum

163 2631 215 2705 sit.
241 2630 357 2695 stillis
377 2631 569 2695 abeuntibus
594 2632 795 2709 subiecisset,
821 2631 897 2713 quid
922 2632 959 2695 de
985 2630 1141 2713 corruptis
1166 2630 1204 2694 ad
1228 2650 1312 2695 men-

159 2736 303 2801 tiendum
324 2736 513 2801 custodibus
533 2744 659 2820 gestum
681 2738 733 2814 sit,
758 2737 918 2813 continuo,
942 2740 1104 2819 tamquam
1125 2736 1203 2800 nibil
1227 2736 1312 2801 aliud

160 2849 347 2925 sequeretur
359 2880 397 2889 -
410 2843 485 2925 quia
496 2847 527 2908 et
537 2863 569 2907 re
581 2863 657 2907 uera
671 2845 717 2908 sic
732 2850 799 2907 erat
814 2844 933 2908 dictum
950 2844 988 2907 ab
1006 2844 1131 2927 angelo:
1148 2843 1312 2907 surrexit

161 2952 197 3014 et
216 2968 303 3015 eccs
322 2950 517 3032 praecedit
536 2945 602 3014 u'os
626 2950 662 3013 in
683 2949 904 3027 Galilaeam,
925 2950 977 3014 ibi
1004 2969 1083 3013 eum
1109 2949 1310 3027 uidebitis,

118 3078 143 3119 as
160 3060 197 3120 ut
214 3057 293 3120 nihil
311 3056 399 3119 aliud
419 3058 509 3138 sequi
529 3056 678 3122 debuisse
697 3055 847 3120 uideatur
865 3079 922 3119 -ε
951 3056 1149 3119 ¹⁶undecim
1176 3060 1310 3133 autern,

251 3283 284 3336 10
304 3282 338 3336 ci.
357 3281 421 3336 Luc.
441 3282 485 3347 24,
505 3283 552 3345 33;
573 3282 607 3336 cl.
626 3282 684 3336 lob.
704 3284 746 3349 20,
768 3284 801 3335 19
915 3284 947 3336 21
969 3282 1003 3336 cf.
1022 3284 1121 3337 Matth.
1141 3282 1185 3343 28,
1207 3284 1311 3336 12-15

160 3371 195 3424 23
213 3370 329 3426 *naun
348 3371 392 3438 28,
412 3369 455 3423 71)
510 3372 545 3423 25
564 3370 602 3423 ib.
623 3370 728 3425 16-20

196 3496 208 3546 l
231 3493 377 3563 praecedet
393 3492 463 3548 13²1>
480 3493 551 3546 ΝΑ2
569 3494 628 3548 edd.
647 3502 758 3554 praeter
778 3496 822 3548 lm
877 3494 967 3548 adiri
990 3494 1077 3565 OVd
1129 3496 1311 3569 3co¹nscnars

158 3584 223 3637 rol
328 3599 356 3636 se
375 3599 427 3636 om.
450 3582 499 3636 GP
582 3582 771 3653 ldiscipulis]
793 3584 860 3639 add.
880 3584 966 3637 suist
1051 3584 1146 3638 benni
1167 3583 1236 3637 dixit
1254 3600 1310 3635 ma·

158 3671 276 3725 nereB‘
367 3671 454 3741 prima
473 3688 553 3725 mane
571 3672 698 3725 Ham
788 3672 869 3741 primi
885 3688 905 3740 p
967 3672 1267 3741 iqui-lugentibus)
1287 3678 1312 3725 ct

159 3762 352 3828 autem-post
371 3759 448 3813 laesa
466 3759 575 3813 membr.
593 3760 754 3813 eoeddmt
772 3760 803 3812 ire
818 3760 845 3813 B
883 3760 913 3812 ll
929 3759 1008 3814 initio
1023 3761 1075 3813 iarn
1095 3759 1184 3813 noctis
1199 3758 1310 3812 HAEL

159 3849 193 3903 13
212 3864 274 3903 eum
292 3864 343 3901 om.
363 3846 391 3902 R
513 3849 547 3901 14
565 3851 684 3901 montem
702 3848 761 3901 BD
783 3848 842 3902 OM
845 3846 878 3918 9¹
1007 3849 1037 3901 17
1058 3847 1154 3918 ullum]
1175 3847 1252 3901 illum
1271 3847 1310 3900 Β1

158 3940 241 3991 autea
267 3936 327 3990 ΔΕ
350 3954 365 4004 τ
393 3936 480 3989 rael
613 3937 645 3990 la
672 3936 700 3989 in
730 3937 882 4005 angelilaea
909 3936 947 3989 B¹
1078 3936 1310 4006 praedicationem

158 4024 244 4080 BRD
260 4024 316 4096 FQ
333 4024 447 4083 Hasd
464 4044 480 4093 q
553 4025 588 4079 20
607 4024 705 4079 deinde
724 4045 742 4096 χ
760 4042 776 4078 r
867 4025 939 4095 quod
958 4026 1044 4079 BRD
1061 4024 1170 4077 HAES
1187 4044 1201 4093 q
1275 4022 1308 4077 ab

159 4112 265 4168 orn.B¹
301 4113 334 4166 21
351 4113 537 4168 abentibueB
592 4112 806 4183 quoduam
844 4115 877 4167 23
893 4114 926 4167 ab
943 4112 1117 4182 angelo-ibi
1129 4129 1188 4167 eurn
1204 4128 1255 4167 cra.
1272 4109 1310 4163 13¹

160 4203 194 4256 24
213 4206 242 4257 et
260 4219 313 4259 om.
336 4201 416 4256 OPV
486 4202 629 4272 praecedet
651 4201 756 4256 0²NA²
774 4203 834 4256 cdd.
850 4209 962 4271 praeter
981 4204 1024 4257 lnr
1044 4202 1092 4269 (cf.
1112 4204 1180 4265 352,
1199 4204 1245 4266 14)
