3100 4967
303 324 369 387 376
659 322 686 377 S.
713 323 851 376 Aureli
879 324 1096 393 Augustini

302 514 373 580 ⁴⁹et
400 536 472 601 ego
501 518 620 582 mitto
647 517 892 601 promissum
922 520 1054 601 patris
1082 518 1158 584 mei
1192 518 1230 583 in
1264 538 1352 585 uos:
1385 538 1451 582 uos

303 627 438 689 autem
463 624 612 702 sedete,
633 623 761 707 quoad
787 644 917 707 usque
941 624 1171 690 induamini
1192 626 1393 691 uirtutem
1413 644 1451 689 er

303 730 399 796 alto.
438 748 510 795 ecoe
539 730 700 813 quomodo
723 732 989 798 commemorauit
1020 734 1053 797 et
1075 734 1178 797 Lucas
1211 732 1451 816 promissionem

303 837 436 921 spiritns
464 838 575 913 sancti,
603 856 697 921 quam
730 858 792 903 non
823 838 1006 905 inuenimus
1036 857 1053 902 a
1086 837 1213 903 domino
1245 837 1361 903 iactam
1396 836 1453 901 nisi

302 945 334 1007 in
367 943 533 1029 euangelio
560 943 721 1009 Iohannis.
759 945 844 1026 quod
872 964 933 1011 non
962 948 1197 1027 praetereunter
1225 943 1488 1009 aduertendums

303 1054 362 1125 est,
399 1053 436 1116 ut
471 1050 721 1127 meminerimus,
760 1050 1027 1132 quemadmodum
1066 1051 1127 1116 sibi
1160 1052 1379 1135 euangelistae
1409 1050 1451 1113 in-

302 1158 408 1223 uicem
437 1156 638 1223 adtestantur
665 1158 703 1223 de
731 1157 922 1241 quibusdam
947 1160 1044 1223 etiam
1068 1178 1149 1243 quae
1172 1158 1234 1242 ipsi
1262 1156 1453 1223 condicunt

302 1267 335 1329 et
363 1266 468 1328 tamen
498 1263 584 1328 dicta
611 1269 779 1329 nonerunt.
812 1266 991 1347 posthaec
1019 1266 1122 1331 Lucas
1153 1282 1233 1347 qnae
1262 1268 1354 1349 gesta
1382 1268 1452 1328 srrnt

303 1369 410 1435 omnia
444 1370 672 1453 praetermittit
708 1388 765 1435 nec
800 1372 925 1437 omnino
960 1374 1197 1449 commemorat,
1235 1370 1297 1435 nisi
1331 1368 1450 1452 quando

302 1478 400 1563 Iasus
433 1476 577 1541 ascendit
613 1477 644 1542 in
683 1478 818 1552 osclum,
857 1478 959 1561 adque
997 1478 1030 1543 id
1062 1482 1168 1543 tamen
1201 1478 1247 1541 ita
1280 1476 1489 1561 coniungite

303 1584 395 1668 quasi
423 1585 483 1649 hoc
511 1587 664 1666 sequatur
686 1585 764 1649 baec
788 1585 896 1663 uerba,
925 1603 1005 1667 quae
1030 1584 1118 1661 dixit,
1147 1603 1219 1649 cunr
1244 1585 1305 1648 hoc
1325 1588 1450 1668 gestum

303 1691 347 1755 sit
370 1710 432 1755 una
455 1690 672 1767 sabbatorum,
697 1710 759 1773 quo
785 1690 836 1755 die
860 1690 1007 1756 dominus
1035 1691 1217 1773 resurrexit,
1241 1690 1321 1755 illud
1349 1696 1449 1755 autem

303 1797 566 1884 quadragensimo
604 1797 665 1876 die,
703 1797 789 1862 sicut
820 1796 905 1861 idern
937 1798 1006 1881 ipse
1039 1798 1142 1862 Lucas
1173 1798 1205 1861 in
1239 1797 1449 1879 apostolomm

304 1903 429 1969 actibus
449 1906 563 1968 narrat.
589 1903 672 1987 qnod
697 1906 805 1968 antem
825 1904 903 1967 dicit
921 1904 1078 1968 Iohannes
1096 1923 1157 1969 non
1178 1922 1251 1969 cum
1271 1903 1337 1967 illis
1357 1904 1449 1968 fnisse

303 2014 380 2074 tuno
416 2010 599 2092 apostolum
630 2008 796 2087 Thomam,
834 2028 906 2075 cunr
940 2008 1116 2075 secundum
1149 2010 1267 2074 Lucam
1302 2010 1364 2075 duo
1397 2009 1482 2085 illi,1:

305 2133 440 2198 qnorum
474 2119 540 2181 erat
571 2136 655 2181 unua
693 2115 838 2200 cleopas,
871 2117 1008 2201 regressi
1042 2116 1243 2182 Hierusalem
1276 2118 1449 2181 inuenerint

305 2227 515 2309 congregatos
534 2223 683 2289 undecim
703 2227 735 2289 et
758 2243 813 2289 eos
833 2225 887 2307 qui
908 2244 978 2290 curn
999 2214 1201 2307 ipsis'erant,
1226 2224 1338 2307 procul
1361 2223 1448 2287 dnbio

308 2330 556 2415 intellegendum
589 2331 760 2414 estquod
787 2330 860 2395 inde
888 2332 1026 2395 Thomas
1060 2331 1180 2407 exierit,
1213 2333 1383 2413 antequam
1409 2329 1450 2393 eis

309 2436 455 2503 dominns
478 2436 556 2502 baec
578 2438 784 2520 loquentibus
809 2441 981 2521 appareret.

243 2549 284 2612 75
353 2544 437 2611 Hinc
454 2546 516 2610 inm
537 2545 693 2610 lohannes
711 2546 807 2610 aliam
831 2548 1059 2611 commemorat
1081 2546 1132 2610 sni
1156 2543 1447 2611 demonstrationem
1465 2562 1486 2600 so

310 2650 469 2717 adomino
488 2650 656 2735 discipulis
674 2653 792 2717 iactam
815 2656 889 2735 post
907 2652 974 2717 dies
995 2657 1076 2729 octo,
1097 2652 1153 2718 ubi
1172 2654 1239 2717 erat
1257 2655 1291 2716 et
1309 2652 1447 2716 Thomas.

309 2760 364 2841 qui
395 2758 482 2843 prius
515 2778 586 2823 eum
620 2778 681 2823 non
711 2758 843 2825 uiderat.
877 2758 945 2823 saep
973 2762 1068 2842 post
1095 2757 1182 2823 dies
1212 2762 1316 2833 octo,
1343 2756 1446 2839 inquit,

309 2867 456 2930 iterum
485 2868 599 2930 erant
625 2864 830 2949 discipuli
859 2866 947 2931 eins
976 2865 1089 2929 intus
1120 2867 1152 2929 et
1175 2864 1347 2929 ‘ihomas
1371 2880 1447 2928 corn

311 2971 386 3047 eis;
415 2972 531 3037 nouit
557 2972 674 3037 Iesus
702 2971 840 3037 ianuis
871 2972 1030 3036 clausis
1054 2975 1093 3036 et
1117 2970 1242 3036 stetit
1265 2971 1303 3034 in
1328 2968 1447 3034 medio

313 3081 352 3142 et
379 3078 497 3144 dixit:
535 3098 606 3161 pax
634 3078 764 3144 uobis.
804 3076 978 3143 ²'deinde
1006 3078 1112 3143 dicit
1138 3076 1327 3143 Thomas:
1354 3074 1484 3140 iniere

312 3184 489 3268 digitum
518 3188 630 3251 tuum
658 3187 734 3250 huc
763 3189 803 3250 et
831 3186 925 3250 uide
958 3204 1095 3249 manus
1132 3204 1240 3249 meas
1275 3188 1315 3249 et
1347 3182 1448 3248 adfer

400 3448 472 3501 dcl.
491 3444 549 3502 Iob.
571 3447 611 3509 14,
631 3446 679 3512 26;
701 3448 743 3509 15,
762 3447 797 3499 26
854 3447 887 3501 10
906 3446 939 3500 cf.
958 3446 1024 3501 Luc.
1044 3446 1189 3513 24,50et
1208 3446 1240 3497 51
1295 3446 1328 3499 13
1347 3444 1378 3500 cl.
1394 3444 1445 3496 Act.

315 3535 339 3587 1.
358 3534 428 3587 2-9
485 3536 518 3588 14
537 3534 570 3587 ci.
589 3534 647 3589 Ich.
667 3534 710 3603 20,
729 3535 777 3600 24;
798 3534 832 3589 ci.
851 3534 916 3589 Luc.
935 3535 979 3601 24,
999 3533 1034 3589 33
1089 3534 1124 3588 22
1143 3533 1218 3587 *Iob
1236 3532 1280 3605 20,
1299 3532 1401 3589 26-29

351 3695 363 3745 l
383 3693 476 3762 mitto]
497 3693 605 3746 mittam
624 3712 666 3764 χω
684 3693 772 3747 roei
849 3709 896 3746 uos
915 3706 965 3747 aec.
985 3708 1036 3747 om.
1056 3691 1095 3746 11ι
1186 3692 1203 3745 2
1222 3690 1325 3761 sedete]
1345 3690 1406 3745 odd.
1422 3688 1444 3741 ir

314 3782 426 3835 ciuitate
445 3784 525 3849 (dem
545 3779 599 3845 11²)
619 3780 687 3850 N²Q
705 3768 790 3835 ΠΨ)
806 3800 864 3852 ppo
883 3780 942 3836 edd.
1035 3798 1087 3850 qno
1107 3794 1192 3850 usqne
1217 3780 1274 3849 Vp
1355 3778 1444 3832 uirtute

313 3870 372 3923 FN
384 3870 530 3939 pprolc
593 3870 721 3940 dquam]
741 3868 814 3938 qnod
833 3869 899 3925 Bur
962 3870 1130 3924 blobannes
1151 3870 1203 3923 ΟΡ
1256 3866 1446 3922 'ladtestentnr
1523 3920 1524 3925 ,

313 3962 373 4027 (att.
398 3958 431 4026 0)
448 3957 505 4013 BR
525 3958 607 4013 OE²
620 3978 635 4029 q
649 3976 682 4027 p,
701 3958 875 4012 adtestantur
892 3962 952 4027 (att.
970 3957 1059 4025 CPN)
1077 3964 1124 4013 cet.
1164 3959 1197 4013 10
1216 3954 1445 4027 coniungitnrllr

315 4047 346 4100 ll
368 4050 516 4117 sequantur
533 4046 660 4101 Heme
679 4062 721 4100 oe
803 4048 836 4100 12
855 4047 1004 4101 sunexitr
1086 4048 1119 4101 lc
1139 4064 1207 4102 unns
1228 4050 1286 4101 erat
1300 4064 1347 4117 pp
1411 4042 1444 4094 iu·

314 4139 448 4190 uenerant
465 4133 538 4205 Ii²q
595 4136 628 4189 18
647 4139 772 4189 antaeum
793 4136 829 4189 B¹
882 4138 916 4191 20
932 4136 985 4191 alia
1004 4136 1032 4189 B
1076 4136 1111 4191 25
1131 4134 1214 4190 infert
1235 4134 1270 4207 ρ’
1319 4136 1352 4191 26
1370 4134 1442 4186 ffltunr
1522 4194 1523 4220 1

313 4224 381 4277 E¹L
452 4223 528 4278 anser
545 4225 594 4286 B¹,
613 4224 703 4279 adfert
724 4223 766 4295 Ql,
787 4224 866 4279 alfere
885 4224 1010 4279 rrum
