3100 4967
246 328 309 393 1111
712 326 933 381 Praelatio.

247 521 419 585 extinctum
445 540 516 585 esse
536 520 594 585 sub
614 519 707 585 finem
729 521 800 585 anni
819 522 884 585 398
905 524 1035 603 apparet
1054 540 1090 585 ex
1113 520 1160 586 eis
1178 521 1296 599 uerbis,
1317 541 1398 605 quae

246 627 446 711 Augustinus
471 645 498 691 e.
520 627 583 692 litt.
607 626 758 692 Petiliani
792 630 821 704 2,
852 628 905 703 92,
934 647 965 691 n.
993 627 1058 691 209
1092 626 1246 710 expressit
1273 627 1396 693 dicens:

250 732 384 814 Optatus
411 754 544 813 reamque
571 733 609 797 cle
636 732 785 797 satellitio
817 732 967 797 Gildonis
998 738 1164 797 accusatas
1196 733 1254 798 tali
1287 755 1398 816 ponere

245 842 355 903 nmrlr's
386 840 540 903 eetirretns
570 844 623 917 est,
657 840 719 903 ubi'
741 840 836 905 etiam
865 840 1070 904 Anastasium
1100 840 1312 922 (sss—402),
1342 842 1397 923 qui

246 1053 354 1119 sedem
386 1052 526 1120 obtinere
559 1052 610 1117 his
643 1052 750 1117 uerbis
784 1056 1026 1118 commemorat:
1060 1051 1208 1117 eotleoelra
1235 1052 1313 1134 qnid
1340 1054 1397 1117 tili

245 1159 317 1240 feeit
339 1160 483 1225 ecelesiae
504 1157 678 1237 Romanae,
703 1160 737 1222 in
761 1180 824 1241 qna
846 1158 962 1223 Petrus
988 1158 1070 1223 sedit
1097 1166 1125 1223 et
1153 1162 1188 1222 in
1216 1180 1278 1241 (μαι
1305 1158 1397 1223 lindie

246 1266 441 1331 Anastasius
462 1266 546 1329 sedet
562 1314 569 1329 .
585 1318 593 1333 .
609 1269 624 1329 Ρ
643 1267 674 1342 2,
695 1267 748 1343 51,
768 1286 798 1329 n.
820 1267 881 1330 118
902 1265 956 1349 iet.
981 1266 1074 1348 epist.
1100 1267 1153 1343 53,
1178 1268 1222 1352 2).
1242 1285 1396 1348 quaenam

246 1374 374 1439 fuerunt
397 1377 540 1438 recentes
563 1373 637 1437 illue
656 1373 767 1459 leges?
791 1374 822 1437 in
846 1372 977 1437 omentis
995 1372 1128 1455 imperio
1147 1374 1211 1438 iarn
1230 1391 1310 1437 anno
1331 1374 1395 1437 395

245 1480 399 1545 Arcadius
433 1478 560 1561 quidem
592 1479 633 1544 sd
664 1478 815 1543 Rufinum
847 1478 897 1542 Pl.
919 1478 954 1541 P.
986 1480 1177 1561 rescriptum
1206 1479 1303 1555 dedit,
1333 1498 1396 1562 qno

245 1605 386 1672 paganos
419 1586 458 1649 ad
491 1585 611 1667 templa
648 1585 798 1651 secedere
835 1588 868 1649 et
903 1585 998 1649 idolis
1036 1585 1206 1649 sacrificari
1238 1585 1396 1668 prohibet,

247 1714 273 1760 e.
296 1694 336 1757 13
357 1692 391 1759 (t.
409 1692 466 1757 Th.
486 1692 572 1770 XVI,
594 1694 634 1756 10
655 1690 692 1755 de
712 1690 860 1775 paganis:
882 1688 1060 1755 Statnimns
1082 1692 1205 1755 rrrrlron
1222 1692 1266 1755 ad
1283 1692 1397 1771 sarrano

245 1800 297 1865 uel
327 1799 481 1885 quodlibet
512 1798 659 1879 ternplum
687 1797 799 1861 lrabere
832 1798 1008 1878 quempiam
1041 1796 1200 1862 licentiam
1230 1797 1396 1863 accedendi

245 1906 297 1973 nel
319 1905 533 1971 alenrlnanrla
555 1904 714 1985 sacrificia
737 1904 913 1969 cumbrandi
934 1904 1070 1986 quolibet
1094 1905 1156 1969 loeo
1179 1904 1231 1969 nel
1252 1911 1394 1985 sapore.

245 2016 344 2097 ipitur
375 2014 528 2089 trainensi,
561 2014 616 2095 qul
647 2032 667 2073 a
700 2011 869 2075 eatlrolieae
901 2010 1064 2093 relipionis
1095 2011 1235 2093 eloprnale
1266 2012 1397 2076 (leniore

246 2120 444 2195 contendunt,
463 2139 510 2195 ea,
531 2138 610 2198 qnae
628 2138 730 2197 rereper
747 2116 880 2191 decroni,
900 2121 1071 2197 properent
1089 2116 1251 2199 custodire,
1268 2123 1297 2181 et
1317 2139 1396 2198 areae

245 2226 319 2291 alirn
350 2226 516 2289 emostitula
547 2226 621 2286 snrrt
652 2222 703 2285 ecel
734 2222 771 2285 ele
802 2221 968 2286 lureretieis
998 2222 1052 2287 rael
1083 2223 1120 2286 ele
1147 2226 1298 2305 poponis,
1332 2245 1395 2287 non

245 2331 383 2395 audeant
403 2331 576 2411 praeterire
594 2330 713 2408 scituri,
732 2328 881 2409 proloquia
903 2328 972 2393 elisei
988 2330 1140 2412 portitoris
1158 2330 1260 2393 nostrl
1279 2330 1395 2413 lapibus

246 2444 288 2503 est
312 2439 345 2501 in
369 2438 454 2518 ipsos
477 2433 527 2498 eorl
543 2434 693 2516 supplicii
710 2435 763 2499 nel
782 2435 942 2515 disprenrlii
961 2438 1169 2515 eonstitntnm,
1187 2456 1271 2501 nerone
1289 2440 1395 2502 aerius

246 2543 474 2625 insequendam
490 2592 613 2607 ......
629 2542 750 2607 Dalnrn
793 2542 867 2605 VH.
905 2542 956 2607 la.
988 2542 1070 2624 Anp.
1111 2542 1393 2625 Constantinopoli,

251 2650 378 2733 Olybrio
401 2656 431 2713 et
456 2648 594 2713 Probino
625 2646 709 2713 Coss.
739 2650 784 2735 (7.
806 2651 890 2733 Aug.
915 2651 1003 2731 395).
1027 2650 1112 2714 idern
1135 2650 1289 2715 Arcadius
1313 2670 1393 2716 anno

246 2760 310 2823 396
333 2755 491 2820 idolorum
516 2753 735 2819 sacerdotibus
758 2754 929 2839 priuilegia
946 2755 1027 2838 ipsis
1046 2755 1223 2838 antiquitus
1244 2775 1395 2822 concessa

246 2862 364 2929 ademit
391 2880 418 2925 e.
450 2864 491 2926 14
520 2860 554 2926 C.
584 2860 641 2925 Th.
671 2860 757 2939 XVI,
790 2862 829 2924 10
860 2862 897 2925 de
921 2882 991 2945 pag.
1015 2861 1054 2926 ad
1078 2861 1261 2927 Caesarium
1284 2862 1333 2927 Pf.
1358 2864 1393 2927 P.

245 2968 413 3051 rescripto:
437 2966 618 3049 Prinilopia
640 2970 668 3031 si
693 2988 755 3047 prro
784 2988 928 3031 correessa
951 2973 1025 3031 srrnt
1047 2970 1178 3049 antiqno
1202 2968 1271 3032 inre
1292 2990 1396 3033 serror-

245 3074 378 3154 uotiua,
410 3076 575 3149 mirristris,
603 3072 784 3153 praesentis,
817 3072 1030 3154 lrioroplrontis
1062 3095 1210 3155 aprorum
1226 3128 1232 3141 .
1249 3126 1255 3138 .
1265 3078 1395 3156 pertitus

245 3180 428 3245 aboleantur
444 3231 449 3243 .
468 3178 566 3243 .Dat.
601 3178 655 3243 VI.
686 3179 736 3242 lrl.
763 3180 839 3243 Dee.
868 3180 1152 3262 Constantinopoli,
1176 3182 1318 3245 Arcadio
1342 3180 1400 3243 IV

246 3292 273 3353 et
297 3286 439 3351 Honorio
463 3286 528 3349 ΙΙΙ
544 3286 618 3353 An.
647 3285 732 3351 Coss.
758 3288 803 3371 (8.
827 3287 903 3350 Dee.
928 3288 1019 3371 396),
1044 3306 1123 3351 anne
1148 3288 1212 3353 397
1242 3286 1281 3351 ed
1302 3289 1394 3352 Aste-

244 3394 328 3458 rium
361 3393 516 3459 Comitem
551 3391 688 3458 Orientis
720 3394 886 3475 rescripsit
918 3412 945 3459 e.
979 3394 1021 3459 36
1056 3394 1089 3459 C.
1121 3393 1178 3457 Th.
1211 3393 1271 3458 XV
1305 3396 1321 3457 l
1356 3394 1393 3457 de

247 3500 394 3582 operibus
427 3500 579 3583 publicis:
616 3502 774 3582 eronr'arn
807 3503 889 3576 reios,
921 3506 1045 3581 pontes,
1074 3522 1135 3581 per
1165 3522 1241 3580 auos
1278 3501 1396 3563 iti-nera

246 3604 448 3682 celebrantur,
472 3610 563 3686 atque
587 3607 810 3687 aqrraalnelnr,
833 3626 942 3669 muros
968 3607 1045 3686 proin
1069 3608 1163 3668 etiam
1188 3606 1296 3669 irrorari
1316 3628 1394 3687 pro-

247 3712 326 3775 uisis
360 3713 533 3793 sumptibus
569 3718 708 3793 oportere
744 3714 888 3795 sipnasti,
926 3718 1068 3776 eurrctarn
1104 3712 1278 3790 oratoriam,
1315 3732 1395 3793 arrae

246 3817 392 3882 ordinata
415 3818 531 3881 dicitnr
553 3840 590 3881 aa·
613 3818 809 3883 ‹lerrrolltieno
837 3819 1030 3900 terrrplorarn,
1057 3818 1237 3883 rnanorutis
1263 3820 1394 3883 reecrssl·

246 3925 361 3989 tatilns
393 3924 538 4005 deputari
571 3946 734 4002 cernemus,
768 3947 827 4007 qno
859 3926 902 3991 ael
936 3926 1152 4007 perfectionem
1183 3932 1294 3991 errrreta
1320 3948 1393 4006 per-

245 4032 384 4099 ueniant.
417 4030 494 4096 Dat.
527 4030 605 4095 Kal.
639 4031 721 4098 Non.
760 4032 909 4098 Caesario
942 4037 969 4096 ot
995 4033 1101 4098 Attico
1133 4030 1217 4097 Coss.
1241 4033 1285 4117 (1.
1310 4032 1393 4096 Nou.

247 4137 336 4223 397),
366 4136 501 4220 denique
529 4158 555 4202 a.
584 4139 648 4203 399
678 4139 716 4203 ad
744 4140 979 4223 Eutychianum
1007 4140 1056 4203 Pl.
1084 4140 1121 4203 P.
1149 4159 1175 4204 e.
1207 4140 1248 4203 16
1278 4139 1310 4204 C.
1334 4140 1392 4203 Th.

245 4244 320 4310 XVI
346 4247 386 4309 10
411 4242 448 4309 de
472 4262 543 4329 pag.
569 4244 655 4311 dato:
681 4246 718 4311 St
741 4268 804 4328 pua
824 4248 857 4309 in
875 4249 963 4329 apris
981 4245 1094 4326 lenrpla
1113 4250 1195 4323 srrnt,
1214 4245 1283 4309 sino
1302 4246 1394 4308 turon
