3100 4967
230 301 1146 374 decorrsensueuangelistarnmlib.III.cap.IIII
1196 305 1262 369 285

140 535 143 542 ·
161 499 249 580 Quod
269 506 376 566 autem
394 499 464 584 ipse
482 500 611 565 Marcus
630 519 691 564 non
712 499 818 566 solum
836 501 944 582 pater
963 498 1020 562 sed
1039 498 1134 563 abba
1155 501 1264 582 pater
1288 491 1332 559 14

123 629 187 672 eum
209 607 325 672 dixisse
353 611 589 683 commemorat,
613 607 673 671 hoc
702 609 752 670 est
775 606 869 670 abba
891 605 1077 684 Hebraeice‚
1106 605 1191 688 quod
1214 608 1265 670 est

123 714 220 779 Latino
237 717 354 798 pater.
374 717 407 778 et
423 714 559 780 fortasse
579 712 725 778 dominus
744 717 874 796 propter
888 711 1017 795 aliquod
1031 714 1263 777 sacramentnm

123 825 282 904 utumque
326 819 439 885 dixerit
481 821 593 886 uolens
632 805 799 885 ostendere
835 819 925 883 illam
963 837 998 883 se
1033 818 1198 883 tristitiam
1231 818 1263 883 in

97 947 245 1010 apersona
273 926 323 994 sui
352 926 503 1010 corporis,
531 925 564 990 id
593 933 643 991 est
670 926 825 990 ecclesiae
853 926 1047 1008 suscepisse,
1075 925 1127 990 cui
1158 925 1264 990 factus

121 1039 164 1099 est
188 1033 350 1118 angularis
377 1033 469 1117 lapis,
493 1033 632 1098 uenienti
662 1032 702 1096 ad
730 1052 805 1097 eum
832 1032 948 1114 partim
977 1051 1013 1097 ox
1036 1032 1200 1107 Hebraeis,
1224 1029 1265 1094 ad

120 1161 191 1224 quos
217 1141 356 1226 pertinet
383 1142 468 1224 quod
500 1141 545 1205 ait
572 1140 676 1217 abba,
704 1141 822 1222 partim
856 1159 893 1205 ex
924 1139 1083 1224 gentibus,
1111 1138 1153 1204 ad
1183 1157 1265 1221 quas

119 1251 248 1330 pertinet
270 1248 353 1331 quod
377 1249 423 1312 ait
444 1250 558 1332 pater.
586 1247 682 1312 etiam
708 1247 829 1311 Paulus
854 1246 1018 1328 apostolus
1041 1263 1104 1310 non
1125 1248 1263 1328 praeter·

120 1356 241 1420 mittens
264 1355 326 1420 boc
354 1357 601 1420 sacramentum:
624 1353 660 1418 in
685 1372 756 1435 quo
781 1354 997 1427 clamamus,
1026 1351 1141 1434 inquit,
1169 1351 1264 1415 abba

89 1464 226 1543 apator,
246 1461 413 1526 etiterum
433 1461 493 1525 ait:
513 1459 619 1524 misit
638 1459 729 1524 deus
754 1458 937 1542 spiritum
961 1477 1068 1522 sunm
1091 1457 1128 1521 in
1152 1457 1267 1522 corda

122 1563 240 1632 nostra
264 1567 487 1632 clamantem
508 1565 602 1631 abba
620 1569 738 1648 pater.
759 1564 900 1648 oportuit
918 1563 1002 1628 enim
1021 1567 1059 1628 ut
1077 1565 1179 1628 bonus
1197 1583 1263 1628 ma-

124 1673 212 1755 gister
229 1677 261 1737 et
284 1691 381 1737 uerus
406 1673 547 1738 saluator
569 1671 797 1737 intimioribus
815 1671 999 1754 conpatiens
1018 1671 1049 1734 in
1069 1689 1104 1735 se
1121 1671 1192 1752 ipso
1212 1669 1266 1734 do·

123 1783 301 1844 monstraret
324 1797 385 1843 non
409 1779 521 1844 debere
546 1797 622 1846 suos
644 1783 800 1863 martyres
828 1777 1006 1861 desperare,
1036 1777 1065 1841 si
1092 1795 1155 1859 qua
1180 1777 1265 1841 forte

122 1886 258 1952 cordibus
293 1904 402 1951 eorum
434 1887 592 1969 inreperet
624 1886 684 1952 sub
717 1889 846 1967 tempus
877 1884 1037 1968 passionis
1065 1902 1103 1948 ex
1124 1884 1265 1948 bumana

90 2011 108 2050 1⁵
122 1993 281 2077 fragilitate
308 1993 450 2068 tristitia,
479 2012 552 2058 cum
581 2011 649 2057 eam
678 1992 843 2057 uincerent
875 1991 1037 2056 uoluntati
1069 2009 1146 2054 snae
1176 2009 1265 2072 praa·

121 2100 254 2180 ponendo
277 2102 478 2166 uoluntatem
502 2099 563 2179 dei,
588 2100 662 2181 quia
688 2099 743 2164 iiie
772 2098 844 2174 scit,
869 2096 946 2179 qnid
973 2096 1120 2179 expediat
1146 2096 1267 2179 quibus

124 2207 260 2272 consulit.
294 2205 333 2272 de
365 2225 428 2290 qua
459 2209 528 2272 tota
555 2225 587 2270 re
620 2224 681 2270 non
709 2224 793 2270 nunc
824 2206 953 2287 tempus
982 2207 1042 2279 est,
1069 2208 1108 2268 ut
1134 2204 1266 2269 uberius

123 2311 300 2388 disseratur:
321 2313 429 2398 agitur
452 2313 535 2376 enim
559 2311 653 2377 modo
674 2311 712 2375 de
737 2311 959 2376 conuenientia
982 2309 1267 2394 euangelistarum

123 2418 149 2482 in
171 2439 301 2502 quorum
325 2420 511 2486 diuersitate
536 2418 705 2483 uerborum
730 2417 901 2483 salubriter
923 2415 1077 2482 discimus
1096 2436 1158 2482 non
1177 2415 1266 2482 aliud

90 2545 111 2584 u
124 2525 151 2589 in
173 2527 275 2591 uerbis
299 2527 338 2590 ad
362 2525 550 2591 audiendam
574 2525 742 2590 ueritatem
766 2544 864 2607 quam
886 2525 1076 2588 sententiam
1103 2523 1267 2606 loquentis

125 2649 187 2695 esse
204 2631 433 2716 requirendam.
454 2633 514 2697 boo
534 2637 585 2696 est
603 2631 687 2696 enim
711 2634 819 2714 pater
841 2629 926 2714 quod
949 2630 1046 2695 abba
1067 2633 1184 2713 pater,
1210 2631 1268 2694 sed

125 2737 160 2800 ad
189 2742 418 2804 sacramentum
450 2737 661 2803 intimandum
693 2737 818 2819 planius
855 2740 906 2801 est
941 2736 1036 2802 abba
1071 2740 1187 2820 pater,
1225 2736 1266 2800 ad

125 2844 267 2910 unitatem
301 2844 538 2928 significandam
572 2844 692 2908 sufficit
727 2847 845 2926 pater.
878 2846 910 2908 et
942 2843 1106 2908 dominum
1138 2843 1267 2924 quidem

126 2950 207 3015 abba
235 2955 342 3035 pater
370 2951 487 3016 dixisse
516 2950 708 3016 credendum
736 2954 801 3026 est3
831 2949 887 3015 sed
911 2953 1016 3013 tamen
1041 2969 1102 3014 non
1126 2950 1266 3014 eluceret

91 3075 111 3114 e
127 3059 281 3136 sententia,
305 3059 368 3124 nisi
393 3058 464 3124 aliis
489 3057 668 3123 dicentibus
696 3060 805 3141 pater
831 3056 1102 3120 demonstraretur
1123 3055 1171 3120 sic
1194 3074 1268 3120 esse

206 3217 220 3268 s
239 3214 272 3269 cr.
291 3213 364 3284 spi.
383 3213 409 3278 a,
431 3213 535 3268 11-22
592 3215 608 3268 o
627 3213 704 3268 nom.
724 3215 749 3277 s,
771 3214 803 3267 15
860 3213 894 3268 ro
913 3211 990 3268 ron.
1009 3214 1036 3276 ι,
1055 3212 1072 3266 a

158 3321 244 3392 ised]
265 3321 331 3376 odd.
351 3323 413 3374 etr
483 3321 572 3392 pater]
592 3337 641 3390 per
658 3320 762 3382 AM,
782 3335 868 3374 om.r
920 3321 1019 3373 2cum
1038 3334 1089 3372 om.
1109 3317 1148 3373 Βι
1217 3318 1267 3372 he·

127 3407 221 3464 bracios
244 3411 349 3478 (haebr.
373 3409 411 3476 R)
435 3409 490 3465 BR
516 3409 547 3480 Q,
572 3409 762 3470 obretonam,
787 3407 914 3462 hebraico
937 3407 1015 3475 (aba,
1035 3413 1108 3474 cae)
1127 3412 1185 3470 cet,
1203 3407 1266 3460 edd.

128 3497 337 3553 tentamentum
356 3499 394 3552 B¹
431 3501 449 3552 4
468 3497 577 3567 dixerit]
597 3497 663 3552 add.
683 3499 747 3568 qaia
765 3499 832 3567 ipos
851 3497 922 3550 dixit
939 3497 1012 3551 abba
1029 3499 1109 3566 pater
1121 3499 1267 3565 umque

129 3583 190 3639 idem
207 3589 298 3644 ualeat
316 3603 331 3640 r
421 3587 437 3641 6
457 3587 605 3656 singularite
623 3586 651 3639 B
723 3586 898 3640 uenientibus
917 3583 1043 3638 HAE¹L
1058 3602 1085 3655 9,
1105 3601 1136 3638 ex
1155 3583 1264 3638 diuerso

128 3675 236 3730 uenienti
249 3675 320 3744 E²r
358 3673 642 3730 'labbe-sitnmR
696 3675 774 3744 quaa]
790 3673 910 3744 qnosB¹
946 3672 1133 3744 8pertiniB¹
1187 3688 1267 3742 prae·

128 3763 245 3818 termittit
262 3763 424 3834 HAE'Lp
515 3764 548 3817 10
566 3763 686 3817 misitme
704 3761 743 3815 Βι
826 3763 917 3832 anum]
937 3763 988 3816 iiiii
1007 3763 1049 3815 sui
1068 3760 1107 3814 B²
1131 3759 1189 3815 Vo
1207 3764 1268 3829 (τοῦ

129 3847 176 3902 obt
192 3853 288 3920 αὑτοῦ),
307 3855 344 3923 cf.
367 3853 438 3907 Tert.
458 3851 524 3906 adu.
543 3852 635 3906 Marc.
659 3853 684 3914 6,
706 3855 724 3905 4
833 3851 864 3905 ll
886 3852 991 3920 nostra]
1011 3855 1103 3904 nestra
1122 3851 1141 3922 ψ
1160 3849 1230 3912 cdd,
1248 3865 1266 3902 o

130 3937 158 3992 13
175 3939 239 3996 forte
259 3959 311 3999 om.
330 3941 367 3996 13¹
416 3943 450 3996 14
468 3947 590 4012 tempore
615 3941 701 4010 Vpu
747 3939 967 3996 landericum
1011 3941 1044 3995 18
1063 3939 1268 4008 distrahaturp

95 4025 158 4090 ,110
175 4031 267 4085 om.B
321 4033 357 4086 20
376 4029 539 4085 audiendam
564 4029 590 4082 V
642 4033 675 4084 22
695 4034 848 4084 surrentum
866 4031 902 4093 B,
922 4028 1037 4083 sumR
1110 4027 1188 4081 adn.
1208 4045 1268 4082 ar.

130 4119 198 4183 pater
215 4135 263 4173 om.
282 4120 320 4173 B¹
376 4121 410 4174 24
429 4120 532 4174 luceret
551 4117 690 4173 A¹E¹Le
743 4120 779 4174 2-5
798 4119 961 4173 sententiam
980 4117 1017 4170 13¹
1099 4115 1269 4185 dicentibus]

132 4204 188 4260 odd.
206 4211 308 4263 tantum
328 4225 371 4263 ra
