3100 4967
644 279 866 334 Prseialio.
1304 280 1332 342 V

177 497 218 540 uc
240 477 377 540 irerreultn
402 477 585 541 diruantur.
613 474 663 541 bis
691 476 774 539 ercino
802 474 928 537 deiectis
955 477 1047 555 utores
1075 472 1210 537 serblulis
1233 473 1334 535 meinis

176 584 414 665 susperstitionis
437 584 572 647 cauterio
595 587 800 647 consumetur.
824 581 903 645 Dut.
922 580 991 644 HL
1010 580 1060 647 Id.
1079 578 1142 644 nrt.
1162 580 1333 654 Damasco,

179 690 347 755 Theodoro
382 688 417 755 V.
452 690 486 755 C.
516 689 584 757 Cos.
614 692 677 771 (13.
705 690 769 755 Iul.
797 688 888 775 399).
917 707 1010 771 porro
1037 690 1070 753 in
1099 685 1272 764 occidente,
1300 685 1335 749 id

178 798 266 879 quod
294 797 334 861 ad
362 801 504 862 nostram
538 797 757 880 quaestionem
791 795 937 879 pertinet,
969 795 1141 875 imperator
1172 792 1333 858 Honorius

178 923 261 968 anno
295 904 359 968 399
383 903 545 969 Macrobio
579 903 656 985 Ppo.
689 903 915 985 Hispaniarum
948 905 981 967 et
1011 901 1177 966 Procliano
1206 898 1333 964 Vicario

179 1011 321 1092 quinque
353 1010 587 1092 prouinciarum
621 1008 813 1091 rescriptum
845 1008 943 1086 dedit,
975 1027 1037 1090 quo
1070 1006 1261 1091 prohiberet,
1295 1024 1333 1069 ue

178 1116 274 1199 signa
298 1116 441 1193 deorum,
464 1134 544 1199 quae
569 1115 724 1181 aedificiis
746 1113 885 1197 publicis
910 1118 1092 1179 ornamento
1121 1116 1238 1190 essent,
1263 1130 1334 1176 con·

177 1223 403 1305 fungerentur,
424 1242 449 1287 c.
472 1225 512 1287 15
533 1222 566 1288 C.
586 1222 643 1285 Th.
664 1220 739 1285 XVI
762 1223 816 1285 10:
837 1221 927 1286 Sient
944 1221 1106 1302 sacrificia
1122 1218 1334 1301 probibemus,

178 1330 228 1391 tiu
263 1329 408 1393 recitemus
438 1330 634 1409 politicorum
667 1349 795 1408 opernm
826 1332 1013 1392 crnnneento
1043 1327 1169 1392 scrutari
1185 1376 1192 1389 .
1208 1376 1216 1390 .
1234 1376 1240 1390 .
1255 1325 1333 1389 nor.

178 1434 201 1496 I
212 1434 244 1495 l'.
260 1432 340 1497 Kal.
360 1432 452 1498 Febr.
466 1434 637 1511 Rusecnnu,
658 1433 821 1498 Theodoro
847 1433 882 1498 V.
905 1434 939 1497 G.
962 1433 1031 1498 Coe.
1050 1436 1115 1519 (29.
1134 1434 1223 1497 lanu.
1244 1432 1334 1513 399),

180 1542 265 1605 unde
294 1544 424 1623 apparet
450 1542 513 1606 iem
542 1544 636 1624 paulo
667 1545 739 1606 aute
766 1541 871 1625 legem
907 1541 945 1605 de
977 1541 1125 1606 omnihus
1154 1537 1334 1604 simulacris

180 1647 326 1712 delendis
347 1648 385 1713 ab
403 1647 464 1712 hoc
484 1648 672 1731 imperatore
692 1647 927 1731 promulgatam
947 1666 1026 1712 esse.
1046 1645 1102 1711 sed
1121 1644 1198 1709 dum
1217 1644 1334 1710 Romae

181 1754 355 1819 simulacra
374 1758 569 1835 euertuntur,
588 1756 621 1819 in
640 1754 748 1819 Africa
767 1756 934 1819 steterunt
952 1757 987 1815 ut
1009 1755 1092 1817 enim
1115 1753 1217 1815 ononis
1233 1770 1334 1833 pupu-

180 1882 295 1925 uoruue
319 1866 347 1923 et
368 1862 534 1943 gentilium
555 1863 737 1943 superstitio
761 1860 911 1936 eicientur,
932 1860 1008 1924 oleis
1025 1860 1102 1939 uerit,
1120 1860 1223 1933 turasii,
1237 1878 1335 1940 pruc-

181 1966 276 2043 ‹lr'rit‚
307 1967 383 2032 eleros
414 1973 478 2033 ineu
506 1970 633 2050 {esuriero
661 1971 758 2050 coepit
786 1973 814 2031 ct
841 1968 950 2031 surisnis
977 1968 1043 2030 torn
1070 1974 1229 2030 terrorum
1260 1966 1336 2029 locis
1370 2019 1372 2023 ,
1430 1991 1448 2025 κ

181 2077 278 2137 cliuus
298 2097 335 2137 ou
353 2096 470 2159 rnupuo
483 2081 578 2157 pur-lo
597 2076 761 2157 coneplenr't
775 2128 782 2141 .
797 2128 804 2141 .
820 2112 863 2121 -
881 2081 918 2139 ut
937 2076 982 2138 ait
1000 2075 1201 2159 Augustinus
1221 2073 1252 2136 in
1273 2091 1335 2136 ser·

183 2201 277 2245 mone
300 2182 368 2260 illo,
393 2202 486 2265 quem
512 2203 592 2248 anno
617 2184 681 2247 398
707 2183 745 2247 de
768 2182 884 2265 psalmi
914 2183 955 2245 82
984 2201 1080 2245 uersu
1105 2183 1124 2244 2
1149 2179 1238 2244 ‘deus
1263 2178 1335 2261 quis

181 2288 300 2352 similis
328 2289 399 2353 tibi'
428 2289 616 2375 CarthegIne
644 2289 758 2355 habuit
786 2291 892 2370 (serm.
922 2290 974 2369 24,
1005 2289 1038 2372 6)
1071 2324 1115 2334 -
1152 2288 1258 2367 sitione
1285 2285 1335 2349 bic

182 2394 363 2459 cluereustis:
380 2396 529 2479 perorando
548 2395 662 2473 Rostra,
681 2398 727 2459 sic
745 2402 773 2459 ot
791 2394 957 2477 Celtiberos.
977 2396 1005 2457 si
1025 2396 1061 2457 iu
1079 2396 1179 2474 esurite
1195 2395 1335 2475 gentium
1379 2446 1383 2452 .

180 2522 233 2565 res
251 2502 433 2583 promousit,
453 2504 590 2567 cumbra
607 2523 671 2567 nore
688 2507 761 2566 suret
777 2500 944 2566 scordion?
959 2549 966 2564 .
984 2551 990 2564 .
1006 2502 1035 2563 si
1053 2520 1124 2581 erpo
1143 2500 1178 2562 di
1196 2499 1336 2563 Ronsuoi

181 2608 305 2672 Ilornuc
338 2608 522 2689 etofhceruut,
556 2610 606 2672 lio
639 2629 735 2691 orioro
767 2607 1008 2671 consuaserunt?
1041 2627 1077 2672 ex
1105 2628 1167 2689 quo
1192 2624 1335 2671 sermone

183 2720 316 2801 apparet
335 2718 501 2801 episcopos
517 2716 793 2802 Carthaginienses
808 2716 847 2779 ad
861 2715 1036 2780 Honorium
1056 2714 1183 2781 misisse
1201 2716 1335 2798 legatos,

183 2825 236 2907 qui
262 2824 450 2904 obtinerent,
479 2828 517 2889 ut
544 2823 635 2908 signa
664 2827 889 2887 eruerterentur.
918 2825 950 2886 et
977 2822 1119 2904 profecto
1145 2820 1335 2903 Carthagine

182 2929 267 2996 XIV.
290 2930 364 2995 Kal.
388 2930 462 3014 hpr.
488 2930 651 2995 Theodoro
677 2930 747 2995 Cos.
771 2931 837 3013 (19.
861 2928 955 2993 Mart.
981 2929 1059 3013 399)
1085 2925 1283 2993 Gaudentius
1304 2929 1336 2991 et

184 3037 295 3103 Ionius
329 3038 462 3102 comites
490 3038 689 3119 imperatoris
718 3036 851 3101 Honorii
878 3036 1031 3100 salsorum
1059 3033 1189 3099 deorum
1216 3032 1336 3115 templa

184 3148 369 3209 auerterunt
392 3148 424 3207 et
447 3145 615 3207 simulacra
639 3144 802 3226 fregerunt
825 3146 907 3207 teste
931 3141 1111 3225 Augustino
1137 3141 1174 3205 de
1199 3140 1261 3204 cin.
1285 3139 1334 3203 dei

188 3250 239 3328 18,
265 3252 318 3315 54.
349 3251 401 3316 cui
435 3250 480 3315 rei
514 3256 760 3315 consentaneum
795 3254 853 3323 est
887 3252 924 3313 ut
953 3267 1007 3313 eos
1035 3248 1236 3332 prohibuisse
1265 3266 1335 3311 cen-

185 3376 324 3435 seamus,
349 3376 387 3422 ne
411 3357 486 3422 festi
510 3360 686 3423 conuentus
712 3356 902 3421 haberentur
924 3355 978 3420 uel
1001 3355 1150 3419 conuiuia
1172 3354 1335 3419 inirentur.

184 3482 241 3527 nec
285 3462 424 3527 dubitari
465 3466 582 3545 potest,
621 3463 696 3545 quin
735 3462 854 3545 templa
891 3463 993 3525 multa
1033 3461 1099 3525 illis
1136 3459 1334 3542 temporibus

185 3570 365 3634 disturbata
410 3571 483 3635 sint,
529 3590 601 3634 nam
648 3589 722 3634 oum
764 3568 918 3633 ecclesiae
964 3568 1172 3648 traderentur,
1213 3567 1336 3631 luctum

185 3678 323 3752 uidetur,
363 3682 399 3741 ut
435 3677 536 3762 signis
579 3678 710 3741 deorum
753 3676 890 3740 sublatis
929 3676 1027 3741 etiam
1063 3675 1156 3741 aedes
1194 3674 1335 3738 destrue-

186 3790 303 3848 rentur.
327 3803 400 3848 mox
424 3788 525 3848 artius
549 3784 626 3848 haec
650 3783 810 3847 Honorius
835 3782 1029 3873 constrinxit.
1051 3802 1123 3847 nam
1142 3780 1335 3863 Apollodoro

185 3890 374 3955 Proconsuli
397 3891 520 3955 Africae
545 3890 674 3973 scripsit
697 3908 722 3954 c.
749 3890 787 3952 17
814 3887 847 3953 C.
869 3890 927 3952 Th.
947 3889 1023 3953 XVI
1045 3891 1098 3952 10:
1126 3886 1164 3952 Ut
1185 3888 1336 3971 prosimos

185 3999 268 4059 silus
291 3999 356 4061 ione
379 3996 501 4061 salubri
520 3996 584 4077 leuc
602 3996 836 4070 sescunoouirntu,
855 3996 902 4058 ito
919 3995 1013 4075 festos
1031 3999 1199 4057 conterritus
1217 3994 1335 4057 ciuium

186 4108 215 4166 ei
238 4124 427 4167 contemnuere
449 4106 587 4167 coresium
609 4104 762 4167 ductitium
784 4122 847 4165 reon
867 4104 1012 4183 poliano·
1033 4101 1230 4165 srerrrnooncri.
1252 4100 1336 4163 osrede

187 4210 302 4289 ‹rilsqnc
324 4210 390 4274 ertio
413 4210 568 4295 sacrificio
596 4214 686 4292 niorto
714 4208 781 4273 utto
808 4210 1028 4290 superstitious
1051 4208 1228 4271 durrrrsubdi
1251 4205 1333 4271 orici-
