3100 4967
396 308 438 364 de
462 326 560 364 cons.
586 325 718 378 euang.
742 309 790 364 lib.
813 308 863 363 IIL
887 325 945 379 cap.
967 307 1036 363 XIII
1222 311 1287 375 333

33 587 34 596 ¹
136 503 232 568 modo
255 505 395 571 breuiter
416 505 593 570 insinuauit
616 505 701 589 quod
725 505 780 570 diu
804 508 931 592 gestum
954 510 1014 570 est.
1039 523 1160 569 memor
1181 509 1288 569 tamen

136 609 233 674 etiam
260 611 323 675 iste
352 611 428 694 quid
460 611 558 676 uellet
589 612 744 697 intellegi,
778 632 839 676 non
868 613 914 677 ait
940 611 1074 676 ‘Pilatus
1101 630 1178 676 uero
1210 611 1290 675 dixit

135 717 203 794 eis’,
228 717 285 781 sed
310 717 367 782 ait:
395 717 545 783 Pilatus
573 728 675 784 uero·
691 718 844 784 dicebat
868 719 937 783 eis:
962 717 1051 801 quid
1079 718 1176 783 enim
1198 717 1288 782 mali

31 827 32 832 ’
134 823 251 888 fecit?
280 825 364 906 quia,
394 825 422 890 si
446 825 563 890 diceret
590 825 700 900 ‘dirit’,
730 826 821 907 quasi
849 826 949 890 semel
976 825 1096 890 dictum
1125 824 1287 909 intellege-

105 948 255 1008 aremus3
281 932 356 1014 quia
378 951 452 996 uero
477 933 535 996 ait:
561 933 720 1010 dicebat,
742 933 821 998 satis
840 932 1004 998 intimauit
1025 933 1289 1017 intellegentibus

133 1037 247 1102 multis
271 1037 375 1103 modis
399 1043 430 1104 et
454 1058 547 1122 saepe
572 1039 692 1104 dictum
718 1059 799 1115 esse,
825 1059 888 1123 quo
911 1058 1013 1122 usque
1036 1039 1190 1123 inciperet
1212 1039 1290 1104 bora

134 1148 231 1209 serta.
255 1145 437 1228 cogitemus
465 1165 551 1230 ergo,
580 1166 674 1228 quam
702 1147 845 1212 breuiter
871 1147 932 1211 hoc
960 1146 1073 1211 dixerit
1100 1147 1230 1211 Marcus
1257 1146 1289 1210 in

134 1252 360 1334 conparatione
380 1253 527 1329 Matthei,
552 1273 647 1335 quam
670 1253 813 1319 breuiter
829 1253 995 1320 Mattheus
1013 1253 1046 1316 in
1066 1253 1290 1335 conparatione

133 1358 250 1434 Lucae,
285 1377 379 1440 quam
412 1359 552 1424 breuiter
576 1359 680 1425 Lucas
708 1361 741 1424 in
772 1361 996 1442 conparatione
1023 1360 1186 1437 Iohannis,
1216 1379 1290 1424 oum

92 1483 114 1520 10
132 1471 239 1528 tamen
260 1465 322 1528 alia
341 1465 443 1548 adque
463 1467 524 1530 alia
543 1469 678 1549 quisque
698 1471 972 1542 commemoraret,
988 1469 1020 1530 et
1039 1485 1133 1550 quam
1154 1465 1289 1548 denique

131 1571 273 1636 breuiter
291 1571 361 1654 ipsc
379 1573 533 1637 lohannes
553 1573 584 1637 in
604 1573 827 1656 conparatione
845 1592 961 1650 rerum,
981 1592 1061 1656 quae
1077 1577 1187 1657 gestae
1202 1575 1288 1641 sunt,

131 1689 160 1740 et
187 1696 359 1756 moramm,
388 1697 461 1743 oum
489 1679 546 1744 illa
573 1683 770 1765 gererentur:
806 1683 838 1744 et
866 1679 933 1744 sine
966 1680 1090 1744 insania
1116 1677 1289 1744 resistendi

129 1783 299 1849 credamus
314 1784 394 1849 duas
409 1785 502 1850 horas
515 1789 546 1850 et
560 1785 710 1868 quiddam
727 1787 784 1851 illo
801 1786 968 1851 interuallo
983 1785 1119 1850 transire
1133 1785 1288 1868 potuisse.

177 1888 332 1973 Quisquis
360 1896 466 1957 autem
496 1891 610 1956 dixerit
636 1893 781 1976 potuisse
810 1893 965 1970 Marcum,
998 1893 1026 1956 si
1053 1893 1100 1956 ita
1127 1895 1224 1967 esset,
1252 1909 1289 1956 eo
1312 1879 1355 1942 48

91 2015 114 2055 1⁶
132 2003 279 2081 tempore
308 1997 412 2064 dicere
439 1998 540 2064 fuisse
568 1999 675 2064 horam
704 1999 844 2077 tertiam,
878 2019 942 2082 quo
975 2001 1044 2063 erat
1075 1998 1153 2063 hora
1184 1997 1289 2072 tertia,

133 2124 207 2169 cum
232 2123 295 2169 uox
320 2104 508 2169 ludaeorum
533 2104 572 2169 de
596 2105 809 2189 crucifigendo
835 2105 961 2170 domiuo
986 2105 1157 2184 sonuisset,
1187 2103 1290 2168 dicere

133 2213 243 2288 etiam,
273 2210 359 2292 quod
383 2229 455 2274 eum
479 2214 556 2275 tunc
579 2211 641 2294 ipsi
670 2211 890 2289 crucifixerint,
918 2211 1014 2276 nimis
1043 2209 1179 2294 superbo
1200 2210 1289 2293 leges

132 2317 352 2382 narratoribus
379 2317 525 2383 ueritatis
552 2317 684 2400 inponit.
710 2318 756 2382 sio
781 2319 864 2382 enim
886 2320 996 2402 potest
1018 2317 1131 2394 dicem
1160 2317 1188 2381 si
1210 2319 1290 2382 baec

132 2425 203 2506 ipse
228 2426 380 2498 narraret,
404 2441 440 2488 eo
464 2423 558 2488 modo
584 2423 756 2506 eodemque
782 2424 890 2489 ordine
908 2425 947 2488 ab
967 2424 1115 2490 omuibus
1140 2423 1290 2489 debuisse

91 2547 115 2587 eo
132 2531 263 2610 narrari,
288 2550 350 2613 quo
373 2531 442 2614 ipse
466 2531 614 2596 narrauit.
644 2531 794 2615 dignetur
816 2551 890 2616 ergo
915 2531 1048 2596 consilio
1072 2530 1174 2596 Marci
1195 2549 1290 2595 euan-

133 2637 270 2720 gelistae
298 2639 440 2722 superari
468 2638 636 2702 consilium
665 2657 770 2714 suum,
800 2639 855 2719 qui
884 2658 920 2704 eo
947 2638 1019 2704 loco
1048 2638 1080 2702 id
1108 2637 1289 2720 ponendum

131 2743 301 2822 iudicauit,
331 2765 393 2828 quo
420 2747 491 2810 loeo
520 2745 628 2809 diuina
654 2745 862 2827 inspiratione
889 2750 1080 2829 suggestum
1104 2749 1163 2808 est.
1187 2762 1288 2809 recor-

132 2850 279 2914 dationes
305 2849 387 2915 enim
412 2869 520 2914 eorum
545 2849 614 2916 eius
638 2868 732 2914 rnanu
752 2850 946 2934 gubernatae
966 2854 1042 2915 suut
1060 2850 1115 2933 qui
1133 2849 1289 2936 gubernat

170 3145 369 3216 lmeminitp
459 3147 548 3200 2iste
566 3145 659 3206 BRD,
677 3147 736 3216 ipsc
756 3151 814 3209 cet,
832 3147 893 3200 edd.
994 3145 1070 3215 quid]
1092 3147 1138 3215 qui
1156 3145 1289 3200 A¹E¹Lu

131 3237 196 3306 non]
218 3233 292 3304 quod
310 3252 364 3289 non
380 3252 401 3304 p
451 3235 557 3290 amate
579 3235 629 3289 GP
645 3237 684 3288 ΑΙ
701 3251 719 3303 p
769 3235 870 3304 4quia
888 3235 922 3304 ei]
942 3235 1020 3304 quaei
1041 3233 1113 3288 ΟΨι
1131 3232 1157 3286 L
1208 3236 1287 3288 bin-

130 3327 228 3378 timuit
249 3323 312 3378 0¹12
364 3327 380 3379 6
401 3329 428 3378 et
447 3341 498 3379 om.
520 3325 576 3388 GP,
596 3341 610 3378 e
630 3327 724 3394 (erus.)
742 3325 770 3378 B
848 3326 918 3394 esse]
940 3325 996 3378 eise
1017 3323 1046 3386 0,
1068 3325 1127 3378 eius
1145 3341 1174 3378 sc
1192 3326 1226 3391 P,
1246 3325 1285 3378 eis

131 3430 192 3468 csse
218 3413 245 3466 V
297 3414 313 3467 8
332 3413 430 3468 matth.
450 3429 476 3481 q.
495 3413 521 3466 b.
540 3430 575 3468 m.
596 3413 613 3465 i.
634 3415 828 3483 conparatione
846 3430 898 3468 ora.
917 3413 944 3466 B
1026 3429 1105 3482 quarn
1124 3413 1151 3467 b.
1170 3430 1207 3470 nr.
1225 3415 1243 3466 i.
1263 3430 1285 3467 a.

130 3501 211 3556 lucae
231 3519 284 3556 oar.
303 3501 331 3556 R
387 3503 420 3556 10
438 3508 630 3556 commemoret
650 3501 757 3555 OPVl
829 3502 962 3556 etBRD
981 3501 1065 3571 OPV,
1085 3502 1285 3569 om.cet.,edd.

131 3591 252 3661 denique
272 3607 323 3645 om.
341 3589 449 3644 A²E¹L
549 3593 579 3644 ll
601 3591 756 3661 qnae-illa
774 3593 806 3645 in
823 3609 879 3645 rua.
898 3591 931 3646 N
1027 3593 1060 3645 12
1078 3591 1204 3646 horarum
1225 3591 1288 3645 ΟΨ

133 3681 167 3734 13
192 3679 332 3750 quiddam]
358 3679 467 3749 quidam
491 3680 518 3732 B
543 3679 605 3733 0¹1>
625 3680 731 3734 A¹E¹L
751 3699 774 3747 γ,
795 3681 905 3750 quidem
926 3680 969 3748 0²,
989 3679 1054 3750 quid
1074 3698 1123 3749 ae,
1144 3680 1209 3734 odd.
1229 3684 1286 3735 ter-

131 3771 191 3824 ciae
209 3787 234 3837 γ,
256 3767 321 3822 add.
342 3772 416 3822 sexte
434 3769 499 3822 hore
519 3785 533 3822 r
627 3769 687 3838 illo]
708 3769 817 3823 illorum
835 3769 901 3832 RD,
920 3771 948 3823 in
966 3769 1015 3824 illo
1034 3769 1094 3825 edd.
1111 3775 1223 3838 practer
1238 3785 1285 3838 pp

133 3859 167 3912 14
188 3858 313 3928 quisquis
332 3875 356 3912 a.
376 3857 401 3912 d.
421 3859 542 3927 potuisse
561 3875 611 3913 cnr.
631 3859 658 3911 B
677 3856 804 3913 HAE¹L
862 3860 894 3911 15
914 3858 1016 3912 diceret
1034 3857 1117 3912 ΑΕΒ
1173 3860 1205 3912 17
1224 3858 1284 3927 ipse

131 3945 238 4012 ΑΜ,
257 3963 345 4017 onap
399 3947 589 4002 crucifixerunt
607 3947 686 4001 P¹N¹
725 3947 758 4001 18
771 3949 975 4001 narrationibus
985 3965 1008 4016 p
1051 3947 1285 4016 19e01e0demr

132 4035 276 4090 ordinetur
294 4039 356 4104 (om.
376 4035 410 4090 ab
429 4053 454 4089 o.
475 4037 499 4088 d.
520 4053 545 4089 n.
566 4053 591 4106 q.
611 4037 629 4092 i.
649 4054 674 4090 n.
695 4035 804 4106 digne-J
821 4037 850 4090 B
926 4038 962 4092 20
981 4037 1045 4106 quo]
1067 4054 1082 4091 a
1102 4053 1154 4106 quo
1176 4037 1232 4097 GP,
1252 4053 1284 4090 ca

132 4143 188 4195 quo
212 4125 239 4178 V
320 4125 463 4186 eonsilium
485 4125 542 4194 Qp
609 4125 641 4178 21
663 4124 691 4178 id
711 4143 735 4194 p.
756 4126 774 4182 1.
795 4143 819 4195 q.
839 4126 899 4179 loco
919 4124 1095 4181 om.A¹E¹L
1162 4126 1197 4178 22
1217 4125 1282 4194 quo]

132 4214 210 4285 quod
227 4214 255 4268 B
327 4213 523 4268 recordationis
545 4213 569 4268 0
620 4215 655 4268 23
674 4215 820 4284 gubernati
842 4214 892 4268 GP
