3100 4967
293 313 357 376 120
649 306 842 363 siderali
864 307 1082 376 Augustini

285 502 422 567 latenter
454 500 658 567 ascenderent
689 519 761 566 mox
793 499 961 578 recessuri,
994 500 1050 565 nbi
1082 501 1187 564 tamen
1221 500 1293 566 aliis
1326 501 1440 568 diebus

285 608 429 674 babitare
457 610 644 685 metuerent,
672 611 710 672 nt
740 625 798 672 nee
831 606 1044 672 sollemnitate
1077 608 1300 689 praetermissa
1331 613 1442 674 esseut

284 716 462 801 inreligiosi
485 734 544 781 nec
571 715 720 781 contiuua
745 715 910 780 mansione
938 714 1111 796 conspicui.
1141 733 1213 780 cum
1239 734 1316 781 ucro
1341 717 1440 782 etiam

285 822 323 887 de
351 841 448 908 regno
476 822 633 901 Archelai,
662 841 758 905 quam
785 821 882 886 inerit
909 820 1106 898 diuturnum,
1131 840 1241 886 omues
1270 823 1439 902 tacuerint,

283 929 345 994 iste
369 947 496 1012 quoque
518 929 700 994 intellectus
724 930 822 1011 petet,
847 931 884 992 ut
907 927 993 1010 quod
1015 928 1117 992 Lucas
1145 928 1224 993 dicit
1245 948 1302 1012 per
1328 947 1440 994 omnes
1471 951 1484 992 s

285 1055 381 1101 annos
409 1054 464 1101 eos
492 1035 662 1101 ascendere
694 1034 807 1100 solitos
835 1034 867 1098 in
900 1034 1103 1099 Hierusalem
1135 1036 1211 1099 tune
1243 1035 1440 1118 accipiamus

284 1143 478 1222 factitatum,
497 1161 571 1208 cum
588 1142 651 1207 iam
670 1161 732 1207 non
751 1142 917 1207 timeretur
934 1141 1121 1208 Archelaus.
1141 1141 1226 1224 quod
1245 1141 1273 1208 si
1291 1142 1441 1208 Archelai

285 1268 418 1335 regnum
446 1249 608 1333 aliquanto
636 1248 818 1314 diuturnius
847 1248 914 1312 ulla
941 1250 1065 1330 praeter
1097 1249 1300 1333 euangelium
1333 1249 1442 1333 prodit

284 1356 428 1434 historia,
452 1356 505 1422 cui
526 1355 606 1421 fides
630 1356 774 1421 habenda
797 1354 955 1434 uideatur,
979 1353 1061 1420 illud
1091 1355 1178 1438 quod
1204 1357 1352 1437 superius
1375 1354 1442 1420 dixi

287 1462 456 1540 suffecerit,
485 1461 570 1544 quod
597 1462 643 1527 ita
668 1461 826 1526 timebant
852 1464 999 1543 parentes
1026 1461 1117 1544 pueri
1144 1461 1372 1528 habitationem
1404 1463 1439 1527 in
1460 1486 1483 1526 n

286 1568 502 1644 Hierusalem,
543 1573 581 1634 ut
620 1574 726 1633 tamen
772 1569 902 1651 propter
943 1566 994 1632 dei
1038 1568 1186 1632 timorem
1226 1567 1441 1633 festiuitatem

286 1676 474 1740 sollemnem
493 1693 554 1740 nou
572 1653 871 1758 praetermitterent,
886 1675 917 1739 in
938 1692 1001 1756 qua
1018 1675 1115 1738 latere
1130 1673 1281 1739 facillime
1296 1678 1440 1756 possent.

286 1801 388 1865 neque
416 1782 498 1848 enim
523 1781 709 1849 incredibile
737 1785 789 1847 eat
815 1781 951 1863 captatis
974 1781 1171 1864 temporibus
1195 1781 1361 1864 oportunis
1384 1781 1441 1848 uel

288 1888 408 1952 dierum
435 1889 491 1954 uel
517 1889 664 1956 horarum
692 1888 840 1962 accedere
868 1887 1012 1953 homines
1040 1887 1080 1952 ad
1102 1907 1139 1952 ca
1160 1889 1240 1966 loca,
1263 1887 1296 1953 in
1320 1887 1439 1971 quihus

288 2013 358 2059 csse
381 1994 561 2060 formidant.
798 2037 800 2044 ,
1458 2019 1482 2058 u

221 2099 264 2162 24
332 2099 387 2166 XI.
410 2101 493 2166 Hinc
524 2103 621 2167 etiam
652 2101 710 2166 illa
740 2101 880 2166 soluitur
907 2101 1061 2183 quaestio,
1090 2100 1118 2166 si
1145 2101 1284 2183 aliquem
1316 2106 1438 2180 mouet,

288 2225 361 2271 cum
379 2207 444 2272 iam
462 2207 621 2273 sollicitus
640 2210 727 2273 esset
739 2207 795 2276 ille
815 2207 915 2272 maior
928 2207 1071 2272 Herodes
1084 2207 1250 2288 perculsus
1270 2225 1439 2292 magorum

287 2312 409 2391 nuntio,
433 2311 518 2394 quod
539 2331 592 2378 rex
616 2312 804 2379 Iudaeorum
827 2315 921 2378 natus
946 2313 1068 2390 suisset,
1094 2311 1253 2395 quomodo
1276 2315 1440 2396 potuerint
1539 2345 1540 2410 3

289 2418 444 2502 conpletis
468 2419 581 2484 diebus
603 2419 802 2504 purgationis
825 2419 936 2486 matris
961 2419 1030 2484 eius
1053 2421 1124 2484 tuto
1149 2437 1222 2484 cum
1244 2418 1300 2484 illo
1330 2439 1440 2485 asceu-
1539 2413 1540 2447 ¹

288 2525 360 2591 dere
382 2526 415 2590 in
438 2527 604 2609 templum,
624 2528 661 2590 ut
678 2525 790 2591 fierent
808 2526 892 2592 circa
909 2545 982 2592 eum
1002 2525 1177 2593 secundum
1194 2526 1298 2612 legem
1319 2527 1442 2593 domini
1457 2553 1481 2595 ro

289 2651 370 2715 quae
391 2632 494 2698 Lucae
518 2637 753 2701 commemoret.
783 2634 855 2717 quis
883 2633 966 2698 enim
994 2653 1056 2699 nou
1084 2633 1194 2699 uideat
1221 2634 1318 2699 etiam
1347 2635 1440 2700 illum

288 2759 388 2804 unum
407 2738 489 2805 diem
508 2759 616 2823 regem
634 2738 746 2804 multis
766 2743 957 2823 occupatum
975 2741 1073 2804 latere
1091 2740 1259 2822 potuisse?
1283 2741 1311 2806 si
1331 2745 1440 2806 autem
1538 2815 1539 2820 ἵ

288 2845 371 2910 illud
392 2846 462 2911 ueri
481 2846 584 2911 simile
603 2866 663 2912 non
683 2846 821 2924 uidetur,
842 2846 926 2929 quod
944 2846 1098 2926 Herodes,
1123 2847 1177 2930 qni
1202 2847 1296 2913 ualde
1320 2847 1441 2913 sollici·
1538 2823 1539 2842 ¹

288 2955 343 3018 tus
371 2951 566 3034 expectabat,
594 2952 670 3036 quid
699 2953 761 3018 sibi
793 2953 880 3038 magi
912 2954 950 3018 de
983 2971 1079 3036 puero
1111 2955 1338 3033 renuntiarent,
1366 2959 1442 3038 post

378 3161 395 3215 8
414 3159 448 3214 cf.
466 3160 566 3216 Enoch.
585 3159 684 3216 Chron.
705 3162 740 3216 ad
759 3178 783 3217 a.
803 3161 874 3218 2029
985 3164 1017 3218 lo
1038 3160 1071 3217 oi.
1090 3161 1190 3217 Matth.
1210 3161 1234 3231 2,
1254 3163 1284 3228 3;
1305 3165 1355 3232 163
1375 3163 1438 3218 Luc.

289 3250 315 3313 2,
334 3249 369 3302 22
423 3250 458 3304 23
478 3249 511 3304 ci'.
530 3249 630 3305 Metth.
649 3249 675 3309 2.
694 3253 712 3305 8

325 3426 516 3480 2metueruut
533 3426 580 3490 B¹,
599 3429 753 3480 metuerant
770 3426 809 3481 Μ
877 3427 1089 3482 sollemnitatem
1111 3425 1183 3480 C¹P¹
1272 3426 1439 3498 Sinregiosi

289 3513 371 3583 3¹8¹,
389 3514 546 3583 inrelegiosi
564 3513 592 3567 L
673 3514 767 3584 etiam]
787 3516 841 3568 iam
858 3531 877 3584 ρ
946 3516 1076 3569 lomnes
1094 3515 1231 3569 uenerint
1249 3531 1331 3585 qnam
1350 3515 1440 3570 iuerat

290 3602 448 3657 diuturnum
461 3621 484 3672 p
592 3605 680 3658 omnis
702 3603 801 3658 G¹PF¹
903 3607 1047 3658 tacuerunt
1068 3603 1150 3658 OPr
1239 3607 1321 3659 deos
1342 3621 1394 3659 cm.
1412 3603 1440 3659 R
1536 3641 1537 3652 ,

290 3692 470 3762 accipiaturr
525 3691 733 3746 liactitantnm
753 3691 793 3746 13¹
848 3693 872 3747 si
890 3708 941 3747 om.
957 3693 985 3748 R
1039 3693 1280 3764 8aliqnantnmp
1334 3693 1440 3762 nnllay

290 3781 404 3834 historia
421 3781 514 3850 prodit
532 3781 620 3836 rael
670 3780 897 3852 9adhibendap
952 3783 985 3836 10
1005 3781 1137 3836 sufficerit
1154 3779 1194 3836 Β2
1212 3780 1279 3836 PF¹
1301 3780 1358 3836 ΟΝ
1374 3781 1439 3844 HL,

291 3869 435 3925 suffecerat
455 3869 500 3936 0²,
518 3869 656 3924 sufficeret
672 3870 758 3926 RTD
782 3871 808 3924 V
823 3871 861 3924 Μ
876 3887 899 3936 r,
918 3869 1070 3925 sufficiatr
1169 3872 1202 3926 13
1220 3869 1383 3925 incrediuile
1402 3869 1439 3923 B¹

292 3957 406 4027 capitis
423 3957 473 4022 3¹,
493 3959 700 4030 captiuitatisp
770 3960 931 4032 opportunis
949 3960 976 4015 R
999 3959 1054 4013 ΟΝ
1070 3960 1138 4015 clm
1194 3961 1227 4014 16
1246 3959 1320 4028 hinc]
1338 3959 1439 4028 incepit

292 4045 402 4099 terbum
419 4052 572 4117 acceptum
589 4047 622 4100 in
643 4045 682 4101 W
751 4049 784 4101 17
803 4045 912 4102 herodia
930 4047 988 4108 BT
1048 4063 1189 4117 percussus
1213 4045 1280 4116 VQ
1293 4063 1316 4116 p
1382 4063 1437 4102 nra·

291 4149 405 4204 guarum
422 4133 459 4189 13¹
530 4135 564 4189 18
582 4139 729 4205 potueruut
741 4153 773 4204 p,
793 4141 973 4206 potuerautr
1031 4137 1066 4191 20
1084 4135 1163 4190 fieret
1180 4134 1238 4190 Rs
1298 4136 1334 4192 23
1355 4136 1438 4192 ueris-

292 4221 381 4277 simile
399 4222 438 4277 13¹
509 4223 616 4278 herodis
634 4222 694 4278 Ru
761 4225 844 4279 balde
862 4224 901 4278 B¹
955 4225 991 4280 24
1010 4226 1169 4280 nuntiarent
1186 4223 1277 4294 RTp
