3100 4967
271 370 337 434 262
631 370 657 424 S.
682 370 822 424 Aureli
849 372 1069 439 Augustini

184 558 247 621 155
314 564 401 627 Inter
431 563 512 628 istos
544 563 644 649 igitur
680 568 755 643 tres,
785 565 975 643 Matthenm,
1004 566 1147 630 Marcum
1181 569 1213 629 et
1240 567 1421 642 Iohannem,

272 669 540 751 quemadmodum
564 670 624 735 hoo
649 671 819 735 conueniat
842 670 1061 747 adtendamus,
1086 671 1125 735 de
1149 672 1266 754 quibus
1288 691 1349 737 nou
1374 678 1423 736 est

273 775 415 850 dubium,
446 776 531 858 quod
559 776 689 841 eandem
718 797 784 841 rem
816 780 944 841 narrent
971 781 1096 861 gestam
1124 780 1156 843 in
1178 779 1345 858 Bethania,
1368 780 1422 843 ubi

271 884 367 947 etiam
383 883 542 966 discipuli,
558 884 643 967 quod
663 904 771 950 omnes
787 889 853 949 tres
870 889 1128 960 commemorant,
1144 889 1422 951 mnrmnrauernnt

272 989 424 1055 aduersus
470 990 636 1055 mulierem
683 994 847 1072 tamquam
889 991 927 1055 de
972 991 1149 1073 perditione
1195 992 1454 1075 pretiosissimis

272 1097 435 1180 unguenti.
465 1096 550 1178 qnod
578 1116 652 1181 ergo
681 1097 846 1162 Mattheus
875 1101 908 1162 et
935 1098 1065 1162 Marcus
1095 1102 1192 1180 eaput
1220 1098 1341 1163 domini
1367 1118 1421 1163 un·

272 1206 389 1288 guento
422 1203 477 1268 illo
510 1204 674 1285 perfusum
703 1203 824 1282 dicunt,
853 1203 1008 1270 Iohannes
1040 1208 1147 1269 autem
1176 1204 1285 1287 pedes,
1312 1208 1422 1289 regula

269 1310 326 1373 illa
359 1309 537 1374 ostenditur
568 1329 629 1375 non
661 1329 732 1375 esse
765 1311 967 1389 eontrarium,
996 1329 1090 1393 qnam
1124 1310 1421 1387 demonstrauimus,

271 1436 344 1482 cum
369 1418 406 1481 de
430 1418 569 1500 quinque
593 1418 727 1501 panibus
750 1420 896 1501 pasceret
919 1419 1039 1483 turbas.
1066 1418 1111 1483 ibi
1139 1418 1234 1497 enim,
1259 1419 1334 1501 qnia
1361 1438 1421 1482 non

271 1524 373 1589 defuit
397 1524 451 1608 qni
475 1527 508 1589 et
530 1524 769 1608 quinquagenos
790 1527 823 1588 et
840 1528 991 1589 centenos
1010 1524 1213 1589 discubuisse
1232 1544 1422 1590 commemo·
1438 1548 1458 1585 o

270 1634 362 1708 reret,
386 1651 460 1696 enm
484 1632 566 1695 alius
590 1631 830 1715 quinquagenos
854 1631 978 1709 dixerit,
1001 1651 1061 1695 non
1085 1632 1192 1714 potnit
1220 1632 1322 1697 uideri
1352 1651 1421 1696 eon·

270 1740 413 1817 trarinm,
437 1739 596 1821 potuisset
620 1742 736 1815 autem,
761 1738 789 1803 si
813 1738 896 1803 alins
920 1742 1068 1804 centenos
1095 1742 1221 1803 tantum
1249 1740 1421 1823 posuisset,

270 1845 356 1909 sieut
378 1845 460 1909 elius
484 1845 732 1929 quinquagenos,
758 1849 790 1911 et
817 1848 922 1909 temen
951 1845 1061 1910 debuit
1087 1846 1224 1910 inueniri
1251 1850 1421 1928 utrumque

269 1953 389 2016 fastum
419 1970 498 2016 esse.
528 1971 589 2035 quo
618 1946 761 2034 exemplo
789 1952 949 2017 informari
977 1972 1034 2016 nos
1063 1953 1215 2034 oportuit,
1243 1952 1332 2017 siout
1356 1952 1421 2018 illie

270 2058 430 2138 admonui,
451 2057 546 2121 etiam
566 2058 623 2121 ubi
642 2058 768 2142 singula
787 2058 1004 2142 euangelistae
1023 2062 1282 2136 commemorant,
1301 2064 1458 2124 utrum-1⁵

270 2183 331 2247 que
359 2164 478 2227 factum
506 2164 699 2247 intellegere.
726 2164 859 2247 proinde
887 2167 919 2228 et
945 2164 997 2229 hio
1020 2183 1082 2228 non
1106 2166 1209 2228 solnm
1234 2169 1343 2248 eaput,
1367 2165 1420 2229 sed

271 2274 304 2335 et
330 2270 426 2353 pedes
455 2270 574 2335 domini
602 2269 795 2352 accipiamus
823 2270 1000 2353 perfudisse
1031 2271 1207 2336 mulierem.
1240 2271 1304 2336 nisi
1331 2272 1419 2349 forte,

271 2378 419 2460 quoniam
438 2376 566 2442 Marone
586 2376 685 2441 fracto
705 2377 863 2441 alabastro
881 2378 1047 2460 pertusum
1070 2381 1168 2460 eaput
1185 2382 1420 2454 commemorat,

269 2487 336 2547 tam
361 2483 495 2567 quisque
519 2483 676 2549 absurdus
701 2488 733 2547 et
756 2483 972 2548 oalnmuioens
997 2488 1057 2559 est,
1080 2489 1117 2548 ut
1141 2483 1261 2566 aliquid
1285 2484 1317 2549 in
1345 2503 1420 2549 uase

269 2591 370 2655 fracto
393 2593 489 2674 neget
510 2609 671 2655 remanere
694 2590 849 2673 potuisse,
868 2590 952 2655 unde
976 2590 1072 2655 etiam
1094 2590 1190 2674 pedes
1208 2590 1419 2673 perfunderet.
1436 2610 1459 2651 a

269 2697 325 2761 sed
350 2716 422 2761 eum
445 2697 508 2762 iste
532 2696 729 2762 contenderit
751 2696 798 2761 sio
817 2716 887 2760 esse
910 2698 1057 2774 fractum,
1076 2701 1114 2761 ut
1136 2697 1214 2762 nihil
1237 2696 1284 2761 ibi
1301 2697 1419 2762 residui

269 2802 368 2882 fieret,
392 2804 496 2868 nitens
526 2804 679 2868 aduersus
708 2804 876 2868 ueritatem
906 2805 1073 2888 euangelii,
1098 2808 1215 2885 quanto
1246 2804 1363 2870 melius
1391 2807 1423 2869 et

358 3062 428 3117 901.
448 3080 529 3133 supra
549 3081 569 3117 c.
589 3064 634 3129 46,
653 3082 678 3119 n.
698 3065 733 3118 98
808 3064 842 3118 cf.
856 3063 938 3120 Marc.
955 3066 981 3130 6,
996 3064 1044 3132 40,
1064 3065 1098 3118 cf.
1117 3064 1182 3119 Luc.
1201 3066 1228 3133 9,
1249 3066 1283 3119 14
1333 3066 1366 3119 18
1386 3064 1418 3118 et.

269 3152 351 3209 Mero.
372 3154 418 3221 14,
434 3154 450 3207 3

308 3295 321 3347 1
342 3294 479 3347 iohannem
501 3294 563 3349 ΟΨ
617 3296 633 3348 3
653 3297 794 3347 narrarent
812 3292 851 3346 B¹
911 3294 929 3347 4
948 3297 1158 3347 commemorent
1176 3293 1253 3361 E‘L,
1274 3296 1378 3347 nerent
1399 3292 1424 3344 Τ

270 3382 451 3437 aaduersum
472 3381 569 3453 01V9
621 3382 814 3436 Sostenditr
886 3382 1019 3436 eontrinm
1035 3382 1074 3435 B¹
1124 3382 1158 3436 10
1178 3387 1370 3436 commemoret
1384 3382 1421 3442 H,

271 3474 357 3525 -raret
376 3474 404 3524 et
421 3470 480 3526 Ru
520 3472 551 3525 11
573 3470 731 3541 quinqueg.]
752 3470 818 3526 add.
836 3474 944 3523 tantum
964 3471 1051 3523 rael
1104 3469 1198 3524 uidere
1220 3469 1283 3523 ΟΨ
1322 3471 1355 3523 12
1372 3486 1421 3539 po·

269 3560 358 3614 tuisse
380 3558 423 3629 Tl,
442 3561 579 3629 potuisses
597 3558 638 3615 11²
710 3559 819 3613 aliosB
875 3560 908 3613 13
927 3560 1049 3613 inuenire
1067 3558 1128 3611 0¹P
1178 3557 1213 3611 14
1230 3557 1360 3612 infirmari
1373 3556 1421 3620 3¹,

268 3647 413 3702 informare
435 3647 496 3701 ΟΨ
553 3649 634 3717 sieut]
655 3648 721 3701 add.
741 3648 858 3702 etiamr
914 3647 947 3702 15
967 3646 1109 3701 admonuit
1129 3645 1191 3699 ΟΨ
1251 3650 1313 3715 (orn.
1328 3646 1421 3699 etiam)

268 3738 316 3792 ubi
334 3736 420 3792 RYD
436 3752 459 3807 r,
479 3737 526 3791 ubi
546 3738 628 3791 etiam
647 3736 794 3807 Haunp
849 3737 957 3806 singula
976 3735 1162 3805 euangelistae
1180 3734 1302 3799 BRTD,
1320 3734 1422 3803 singuli

269 3842 366 3895 enaug.
394 3826 471 3880 CPF
495 3824 609 3896 ONMQ
631 3824 756 3880 Ham
779 3828 815 3897 κψ
834 3843 883 3895 pp
904 3825 986 3895 Eup,
1010 3826 1119 3893 singula
1141 3824 1244 3894 singuli
1269 3841 1311 3878 en.
1335 3822 1377 3877 E‘
1398 3842 1421 3891 γ.

269 3914 371 3984 singuli
394 3932 436 3969 eu.
460 3915 569 3983 singula
596 3914 622 3968 V
643 3934 683 3986 χω
708 3916 834 3969 raelm
926 3916 958 3968 18
983 3914 1120 3967 alannstro
1138 3912 1174 3979 B,
1201 3912 1367 3967 alabastrum
1388 3912 1419 3965 Ο

270 4019 448 4057 commemora
466 4003 494 4055 B
584 4004 617 4057 19
636 4008 692 4057 tem
712 4005 855 4074 qnisquam
872 4020 934 4073 pm,
955 4004 1013 4072 quis
1032 4006 1126 4071 temp
1217 4002 1420 4056 absurdarum.

269 4091 375 4146 A¹E¹L
448 4094 490 4144 est
509 4107 559 4145 om.
578 4091 674 4145 Amr:
745 4092 781 4147 20
799 4092 955 4163 perfoderet
977 4090 1017 4154 0¹,
1037 4090 1188 4160 perfuderit
1205 4090 1233 4143 P
1305 4091 1422 4144 21001-

270 4180 397 4235 tenderet
417 4178 459 4243 01,
480 4178 574 4234 -data
648 4181 716 4250 esse]
736 4180 820 4234 fnisse
840 4180 912 4251 Eup.
932 4180 1010 4234 codd.
1031 4179 1093 4233 Vas.
1108 4179 1241 4233 Medium.
1297 4179 1332 4231 22
1350 4177 1421 4231 fierit

274 4268 316 4338 0¹,
335 4268 418 4323 tuerit
435 4269 463 4322 P
532 4270 798 4339 nitens—euangelii
815 4286 866 4323 om.
886 4268 1012 4323 Ham
1084 4266 1227 4321 aduersum
1246 4266 1315 4321 ΒΨ
