<?xml version="1.0" encoding="UTF-8"?>
<!DOCTYPE html PUBLIC "-//W3C//DTD XHTML 1.0 Transitional//EN"
    "http://www.w3.org/TR/xhtml1/DTD/xhtml1-transitional.dtd">
<html xmlns="http://www.w3.org/1999/xhtml" xml:lang="en" lang="en">
 <head>
  <title>
</title>
<meta http-equiv="Content-Type" content="text/html;charset=utf-8" />
  <meta name='ocr-system' content='tesseract 3.04.00' />
  <meta name='ocr-capabilities' content='ocr_page ocr_carea ocr_par ocr_line ocrx_word'/>
</head>
<body>
  <div class='ocr_page' id='page_1' title='image "./corpusscriptoru22wissgoog_0130.png"; bbox 0 0 3100 4967; ppageno 0'>
   <div class='ocr_carea' id='block_1_1' title="bbox 264 314 1049 386">
    <p class='ocr_par' dir='ltr' id='par_1_1' title="bbox 264 314 1049 386">
     <span class='ocr_line' id='line_1_1' title="bbox 264 314 1049 386; baseline -0.003 -15"><span class='ocrx_word' id='word_1_1' title='bbox 264 319 306 383; x_wconf 85' lang='lat'><strong>88</strong></span> <span class='ocrx_word' id='word_1_2' title='bbox 609 316 636 370; x_wconf 87' lang='lat' dir='ltr'><strong>S.</strong></span> <span class='ocrx_word' id='word_1_3' title='bbox 664 317 802 371; x_wconf 82' lang='lat' dir='ltr'><strong>Aureli</strong></span> <span class='ocrx_word' id='word_1_4' title='bbox 830 314 1049 386; x_wconf 76' lang='lat' dir='ltr'><strong>Augustini</strong></span> 
     </span>
    </p>
   </div>
   <div class='ocr_carea' id='block_1_2' title="bbox 222 507 1542 2408">
    <p class='ocr_par' dir='ltr' id='par_1_2' title="bbox 222 507 1542 2408">
     <span class='ocr_line' id='line_1_2' title="bbox 222 507 1413 594; baseline 0.004 -25"><span class='ocrx_word' id='word_1_5' title='bbox 222 507 241 569; x_wconf 85' lang='lat'>7</span> <span class='ocrx_word' id='word_1_6' title='bbox 310 510 380 574; x_wconf 92' lang='lat' dir='ltr'><strong>Non</strong></span> <span class='ocrx_word' id='word_1_7' title='bbox 410 529 484 594; x_wconf 91' lang='lat' dir='ltr'><strong>ergo</strong></span> <span class='ocrx_word' id='word_1_8' title='bbox 513 508 651 574; x_wconf 90' lang='lat' dir='ltr'><strong>alienum</strong></span> <span class='ocrx_word' id='word_1_9' title='bbox 680 513 767 574; x_wconf 84' lang='lat' dir='ltr'><strong>esset</strong></span> <span class='ocrx_word' id='word_1_10' title='bbox 790 529 807 574; x_wconf 88' lang='lat' dir='ltr'><strong>a</strong></span> <span class='ocrx_word' id='word_1_11' title='bbox 832 509 977 585; x_wconf 88' lang='lat' dir='ltr'><strong>ueritate,</strong></span> <span class='ocrx_word' id='word_1_12' title='bbox 1006 509 1131 573; x_wconf 87' lang='lat' dir='ltr'><strong>etiamsi</strong></span> <span class='ocrx_word' id='word_1_13' title='bbox 1158 509 1261 574; x_wconf 86' lang='lat' dir='ltr'><strong>Lucas</strong></span> <span class='ocrx_word' id='word_1_14' title='bbox 1290 511 1328 575; x_wconf 87' lang='lat' dir='ltr'><strong>ab</strong></span> <span class='ocrx_word' id='word_1_15' title='bbox 1356 511 1413 576; x_wconf 94' lang='lat' dir='ltr'><strong>ille</strong></span> 
     </span>
     <span class='ocr_line' id='line_1_3' title="bbox 266 616 1415 700; baseline 0.001 -19"><span class='ocrx_word' id='word_1_16' title='bbox 266 636 336 681; x_wconf 90' lang='lat' dir='ltr'><strong>esse</strong></span> <span class='ocrx_word' id='word_1_17' title='bbox 365 616 479 698; x_wconf 89' lang='lat' dir='ltr'><strong>Ioseph</strong></span> <span class='ocrx_word' id='word_1_18' title='bbox 508 617 651 700; x_wconf 86' lang='lat' dir='ltr'><strong>genitum</strong></span> <span class='ocrx_word' id='word_1_19' title='bbox 680 616 808 693; x_wconf 84' lang='lat' dir='ltr'><strong>diceret,</strong></span> <span class='ocrx_word' id='word_1_20' title='bbox 838 636 856 680; x_wconf 92' lang='lat' dir='ltr'><strong>a</strong></span> <span class='ocrx_word' id='word_1_21' title='bbox 884 636 945 698; x_wconf 88' lang='lat' dir='ltr'><strong>quo</strong></span> <span class='ocrx_word' id='word_1_22' title='bbox 974 616 1078 681; x_wconf 84' lang='lat' dir='ltr'><strong>iuerat</strong></span> <span class='ocrx_word' id='word_1_23' title='bbox 1105 616 1284 699; x_wconf 88' lang='lat' dir='ltr'><strong>adoptatus.</strong></span> <span class='ocrx_word' id='word_1_24' title='bbox 1318 617 1415 682; x_wconf 87' lang='lat' dir='ltr'><strong>etiam</strong></span> 
     </span>
     <span class='ocr_line' id='line_1_4' title="bbox 268 723 1415 807; baseline 0.001 -19"><span class='ocrx_word' id='word_1_25' title='bbox 268 724 315 788; x_wconf 88' lang='lat' dir='ltr'><strong>sie</strong></span> <span class='ocrx_word' id='word_1_26' title='bbox 348 724 464 807; x_wconf 91' lang='lat' dir='ltr'><strong>quippe</strong></span> <span class='ocrx_word' id='word_1_27' title='bbox 496 725 608 807; x_wconf 87' lang='lat' dir='ltr'><strong>genuit</strong></span> <span class='ocrx_word' id='word_1_28' title='bbox 641 742 724 797; x_wconf 85' lang='lat' dir='ltr'><strong>eum,</strong></span> <span class='ocrx_word' id='word_1_29' title='bbox 757 742 818 787; x_wconf 90' lang='lat' dir='ltr'><strong>non</strong></span> <span class='ocrx_word' id='word_1_30' title='bbox 851 727 888 788; x_wconf 91' lang='lat' dir='ltr'><strong>ut</strong></span> <span class='ocrx_word' id='word_1_31' title='bbox 920 724 1014 789; x_wconf 87' lang='lat' dir='ltr'><strong>homo</strong></span> <span class='ocrx_word' id='word_1_32' title='bbox 1047 724 1142 800; x_wconf 85' lang='lat' dir='ltr'><strong>esset,</strong></span> <span class='ocrx_word' id='word_1_33' title='bbox 1172 723 1228 788; x_wconf 91' lang='lat' dir='ltr'><strong>sed</strong></span> <span class='ocrx_word' id='word_1_34' title='bbox 1260 729 1298 788; x_wconf 86' lang='lat' dir='ltr'><strong>ut</strong></span> <span class='ocrx_word' id='word_1_35' title='bbox 1327 724 1415 790; x_wconf 88' lang='lat' dir='ltr'><strong>filius</strong></span> 
     </span>
     <span class='ocr_line' id='line_1_5' title="bbox 268 831 1542 914; baseline 0.001 -20"><span class='ocrx_word' id='word_1_36' title='bbox 268 835 363 906; x_wconf 81' lang='lat' dir='ltr'><strong>esset,</strong></span> <span class='ocrx_word' id='word_1_37' title='bbox 388 832 473 896; x_wconf 86' lang='lat' dir='ltr'><strong>sieut</strong></span> <span class='ocrx_word' id='word_1_38' title='bbox 495 849 553 896; x_wconf 90' lang='lat' dir='ltr'><strong>nos</strong></span> <span class='ocrx_word' id='word_1_39' title='bbox 578 831 689 914; x_wconf 88' lang='lat' dir='ltr'><strong>genuit</strong></span> <span class='ocrx_word' id='word_1_40' title='bbox 712 831 802 909; x_wconf 85' lang='lat' dir='ltr'><strong>deus,</strong></span> <span class='ocrx_word' id='word_1_41' title='bbox 827 834 864 896; x_wconf 91' lang='lat' dir='ltr'><strong>ut</strong></span> <span class='ocrx_word' id='word_1_42' title='bbox 886 831 944 894; x_wconf 88' lang='lat' dir='ltr'><strong>filii</strong></span> <span class='ocrx_word' id='word_1_43' title='bbox 969 831 1169 908; x_wconf 71' lang='lat' dir='ltr'><strong>citissimus,</strong></span> <span class='ocrx_word' id='word_1_44' title='bbox 1190 831 1416 912; x_wconf 84' lang='lat' dir='ltr'><strong>quosfeeerat,</strong></span> <span class='ocrx_word' id='word_1_45' title='bbox 1541 895 1542 908; x_wconf 19' lang='lat' dir='ltr'><strong>q</strong></span> 
     </span>
     <span class='ocr_line' id='line_1_6' title="bbox 269 937 1542 1020; baseline 0.005 -18"><span class='ocrx_word' id='word_1_46' title='bbox 269 940 307 1002; x_wconf 87' lang='lat' dir='ltr'><strong>ut</strong></span> <span class='ocrx_word' id='word_1_47' title='bbox 338 937 483 1002; x_wconf 90' lang='lat' dir='ltr'><strong>homines</strong></span> <span class='ocrx_word' id='word_1_48' title='bbox 517 957 673 1003; x_wconf 84' lang='lat' dir='ltr'><strong>essemus.</strong></span> <span class='ocrx_word' id='word_1_49' title='bbox 706 937 835 1002; x_wconf 90' lang='lat' dir='ltr'><strong>unicum</strong></span> <span class='ocrx_word' id='word_1_50' title='bbox 864 943 969 1002; x_wconf 87' lang='lat' dir='ltr'><strong>autem</strong></span> <span class='ocrx_word' id='word_1_51' title='bbox 999 938 1120 1020; x_wconf 86' lang='lat' dir='ltr'><strong>genuit,</strong></span> <span class='ocrx_word' id='word_1_52' title='bbox 1149 956 1210 1002; x_wconf 89' lang='lat' dir='ltr'><strong>uon</strong></span> <span class='ocrx_word' id='word_1_53' title='bbox 1244 939 1348 1002; x_wconf 88' lang='lat' dir='ltr'><strong>solum</strong></span> <span class='ocrx_word' id='word_1_54' title='bbox 1381 941 1419 1002; x_wconf 89' lang='lat' dir='ltr'><strong>et</strong></span> <span class='ocrx_word' id='word_1_55' title='bbox 1450 955 1463 996; x_wconf 80' lang='lat'>⁵</span> <span class='ocrx_word' id='word_1_56' title='bbox 1541 981 1542 1008; x_wconf 77' lang='grc'>;</span> 
     </span>
     <span class='ocr_line' id='line_1_7' title="bbox 268 1043 1419 1127; baseline 0.002 -20"><span class='ocrx_word' id='word_1_57' title='bbox 268 1044 355 1109; x_wconf 90' lang='lat' dir='ltr'><strong>filius</strong></span> <span class='ocrx_word' id='word_1_58' title='bbox 380 1049 476 1122; x_wconf 89' lang='lat' dir='ltr'><strong>esset,</strong></span> <span class='ocrx_word' id='word_1_59' title='bbox 497 1044 581 1126; x_wconf 89' lang='lat' dir='ltr'><strong>qued</strong></span> <span class='ocrx_word' id='word_1_60' title='bbox 604 1048 694 1127; x_wconf 87' lang='lat' dir='ltr'><strong>pater</strong></span> <span class='ocrx_word' id='word_1_61' title='bbox 712 1063 772 1108; x_wconf 91' lang='lat' dir='ltr'><strong>non</strong></span> <span class='ocrx_word' id='word_1_62' title='bbox 793 1047 851 1118; x_wconf 79' lang='lat' dir='ltr'><strong>est,</strong></span> <span class='ocrx_word' id='word_1_63' title='bbox 872 1043 1043 1108; x_wconf 88' lang='lat' dir='ltr'><strong>sedetiam</strong></span> <span class='ocrx_word' id='word_1_64' title='bbox 1062 1047 1101 1108; x_wconf 90' lang='lat' dir='ltr'><strong>ut</strong></span> <span class='ocrx_word' id='word_1_65' title='bbox 1119 1044 1197 1109; x_wconf 88' lang='lat' dir='ltr'><strong>deus</strong></span> <span class='ocrx_word' id='word_1_66' title='bbox 1217 1049 1312 1121; x_wconf 83' lang='lat' dir='ltr'><strong>esset,</strong></span> <span class='ocrx_word' id='word_1_67' title='bbox 1333 1045 1419 1127; x_wconf 90' lang='lat' dir='ltr'><strong>qood</strong></span> 
     </span>
     <span class='ocr_line' id='line_1_8' title="bbox 269 1150 1419 1234; baseline 0.001 -20"><span class='ocrx_word' id='word_1_68' title='bbox 269 1154 302 1214; x_wconf 90' lang='lat' dir='ltr'><strong>et</strong></span> <span class='ocrx_word' id='word_1_69' title='bbox 327 1153 417 1233; x_wconf 88' lang='lat' dir='ltr'><strong>peter</strong></span> <span class='ocrx_word' id='word_1_70' title='bbox 444 1154 503 1215; x_wconf 88' lang='lat' dir='ltr'><strong>est.</strong></span> <span class='ocrx_word' id='word_1_71' title='bbox 533 1150 590 1214; x_wconf 89' lang='lat' dir='ltr'><strong>sed</strong></span> <span class='ocrx_word' id='word_1_72' title='bbox 616 1151 709 1234; x_wconf 87' lang='lat' dir='ltr'><strong>plane</strong></span> <span class='ocrx_word' id='word_1_73' title='bbox 737 1150 765 1214; x_wconf 91' lang='lat' dir='ltr'><strong>si</strong></span> <span class='ocrx_word' id='word_1_74' title='bbox 793 1151 853 1216; x_wconf 90' lang='lat' dir='ltr'><strong>heo</strong></span> <span class='ocrx_word' id='word_1_75' title='bbox 881 1151 978 1216; x_wconf 90' lang='lat' dir='ltr'><strong>uerbo</strong></span> <span class='ocrx_word' id='word_1_76' title='bbox 1007 1151 1101 1216; x_wconf 89' lang='lat' dir='ltr'><strong>etiam</strong></span> <span class='ocrx_word' id='word_1_77' title='bbox 1130 1152 1233 1216; x_wconf 85' lang='lat' dir='ltr'><strong>Lucas</strong></span> <span class='ocrx_word' id='word_1_78' title='bbox 1264 1155 1419 1228; x_wconf 77' lang='lat' dir='ltr'><strong>uteretur,</strong></span> 
     </span>
     <span class='ocr_line' id='line_1_9' title="bbox 270 1257 1422 1342; baseline 0.003 -23"><span class='ocrx_word' id='word_1_79' title='bbox 270 1257 356 1321; x_wconf 92' lang='lat' dir='ltr'><strong>omni</strong></span> <span class='ocrx_word' id='word_1_80' title='bbox 379 1257 473 1322; x_wconf 92' lang='lat' dir='ltr'><strong>modo</strong></span> <span class='ocrx_word' id='word_1_81' title='bbox 498 1261 584 1322; x_wconf 90' lang='lat' dir='ltr'><strong>esset</strong></span> <span class='ocrx_word' id='word_1_82' title='bbox 606 1258 804 1342; x_wconf 83' lang='lat' dir='ltr'><strong>ambiguum,</strong></span> <span class='ocrx_word' id='word_1_83' title='bbox 830 1259 901 1341; x_wconf 86' lang='lat' dir='ltr'><strong>quis</strong></span> <span class='ocrx_word' id='word_1_84' title='bbox 926 1277 1034 1323; x_wconf 91' lang='lat' dir='ltr'><strong>eorum</strong></span> <span class='ocrx_word' id='word_1_85' title='bbox 1058 1259 1271 1342; x_wconf 82' lang='lat' dir='ltr'><strong>adoptantem,</strong></span> <span class='ocrx_word' id='word_1_86' title='bbox 1291 1261 1363 1342; x_wconf 88' lang='lat' dir='ltr'><strong>quis</strong></span> <span class='ocrx_word' id='word_1_87' title='bbox 1384 1279 1422 1325; x_wconf 85' lang='lat' dir='ltr'><strong>ex</strong></span> 
     </span>
     <span class='ocr_line' id='line_1_10' title="bbox 269 1364 1421 1448; baseline 0.005 -22"><span class='ocrx_word' id='word_1_88' title='bbox 269 1364 396 1447; x_wconf 84' lang='lat' dir='ltr'><strong>proprio</strong></span> <span class='ocrx_word' id='word_1_89' title='bbox 427 1382 519 1428; x_wconf 89' lang='lat' dir='ltr'><strong>earne</strong></span> <span class='ocrx_word' id='word_1_90' title='bbox 553 1364 734 1448; x_wconf 82' lang='lat' dir='ltr'><strong>gignentem</strong></span> <span class='ocrx_word' id='word_1_91' title='bbox 766 1369 889 1447; x_wconf 87' lang='lat' dir='ltr'><strong>patrem</strong></span> <span class='ocrx_word' id='word_1_92' title='bbox 927 1369 1217 1443; x_wconf 77' lang='lat' dir='ltr'><strong>commemorasset,</strong></span> <span class='ocrx_word' id='word_1_93' title='bbox 1251 1367 1421 1448; x_wconf 82' lang='lat' dir='ltr'><strong>quomode,</strong></span> 
     </span>
     <span class='ocr_line' id='line_1_11' title="bbox 271 1468 1468 1554; baseline 0.003 -20"><span class='ocrx_word' id='word_1_94' title='bbox 271 1470 333 1534; x_wconf 88' lang='lat' dir='ltr'><strong>etsi</strong></span> <span class='ocrx_word' id='word_1_95' title='bbox 356 1473 465 1534; x_wconf 87' lang='lat' dir='ltr'><strong>neuter</strong></span> <span class='ocrx_word' id='word_1_96' title='bbox 489 1488 597 1534; x_wconf 89' lang='lat' dir='ltr'><strong>eorum</strong></span> <span class='ocrx_word' id='word_1_97' title='bbox 630 1468 749 1534; x_wconf 88' lang='lat' dir='ltr'><strong>diceret</strong></span> <span class='ocrx_word' id='word_1_98' title='bbox 781 1471 933 1554; x_wconf 83' lang='lat' dir='ltr'><strong>genuit,</strong></span> <span class='ocrx_word' id='word_1_99' title='bbox 968 1470 1025 1535; x_wconf 89' lang='lat' dir='ltr'><strong>sed</strong></span> <span class='ocrx_word' id='word_1_100' title='bbox 1058 1475 1090 1536; x_wconf 90' lang='lat' dir='ltr'><strong>et</strong></span> <span class='ocrx_word' id='word_1_101' title='bbox 1121 1471 1184 1536; x_wconf 87' lang='lat' dir='ltr'><strong>iste</strong></span> <span class='ocrx_word' id='word_1_102' title='bbox 1217 1491 1290 1536; x_wconf 90' lang='lat' dir='ltr'><strong>eum</strong></span> <span class='ocrx_word' id='word_1_103' title='bbox 1317 1472 1421 1538; x_wconf 90' lang='lat' dir='ltr'><strong>filium</strong></span> <span class='ocrx_word' id='word_1_104' title='bbox 1442 1493 1468 1530; x_wconf 78' lang='grc' dir='ltr'><strong>ιο</strong></span> 
     </span>
     <span class='ocr_line' id='line_1_12' title="bbox 270 1577 1542 1668; baseline 0.002 -26"><span class='ocrx_word' id='word_1_105' title='bbox 270 1577 360 1642; x_wconf 87' lang='lat' dir='ltr'><strong>illius</strong></span> <span class='ocrx_word' id='word_1_106' title='bbox 385 1580 418 1641; x_wconf 91' lang='lat' dir='ltr'><strong>et</strong></span> <span class='ocrx_word' id='word_1_107' title='bbox 439 1577 494 1641; x_wconf 92' lang='lat' dir='ltr'><strong>ille</strong></span> <span class='ocrx_word' id='word_1_108' title='bbox 517 1577 605 1642; x_wconf 90' lang='lat' dir='ltr'><strong>illius</strong></span> <span class='ocrx_word' id='word_1_109' title='bbox 630 1577 759 1653; x_wconf 84' lang='lat' dir='ltr'><strong>diceret,</strong></span> <span class='ocrx_word' id='word_1_110' title='bbox 785 1578 883 1642; x_wconf 86' lang='lat' dir='ltr'><strong>nihilo</strong></span> <span class='ocrx_word' id='word_1_111' title='bbox 903 1578 1009 1642; x_wconf 87' lang='lat' dir='ltr'><strong>minus</strong></span> <span class='ocrx_word' id='word_1_112' title='bbox 1030 1583 1116 1643; x_wconf 89' lang='lat' dir='ltr'><strong>esset</strong></span> <span class='ocrx_word' id='word_1_113' title='bbox 1133 1579 1329 1662; x_wconf 83' lang='lat' dir='ltr'><strong>ambiguam,</strong></span> <span class='ocrx_word' id='word_1_114' title='bbox 1351 1581 1425 1662; x_wconf 90' lang='lat' dir='ltr'><strong>quis</strong></span> <span class='ocrx_word' id='word_1_115' title='bbox 1541 1635 1542 1668; x_wconf 42' lang='lat'>3</span> 
     </span>
     <span class='ocr_line' id='line_1_13' title="bbox 276 1669 1542 1769; baseline 0.002 -22"><span class='ocrx_word' id='word_1_116' title='bbox 276 1703 385 1749; x_wconf 91' lang='lat' dir='ltr'><strong>eorum</strong></span> <span class='ocrx_word' id='word_1_117' title='bbox 408 1683 511 1761; x_wconf 90' lang='lat' dir='ltr'><strong>illum,</strong></span> <span class='ocrx_word' id='word_1_118' title='bbox 537 1685 574 1748; x_wconf 91' lang='lat' dir='ltr'><strong>de</strong></span> <span class='ocrx_word' id='word_1_119' title='bbox 599 1703 661 1766; x_wconf 92' lang='lat' dir='ltr'><strong>quo</strong></span> <span class='ocrx_word' id='word_1_120' title='bbox 685 1687 789 1764; x_wconf 81' lang='lat' dir='ltr'><strong>natus,</strong></span> <span class='ocrx_word' id='word_1_121' title='bbox 814 1687 885 1767; x_wconf 88' lang='lat' dir='ltr'><strong>quis</strong></span> <span class='ocrx_word' id='word_1_122' title='bbox 909 1686 1011 1763; x_wconf 79' lang='lat' dir='ltr'><strong>illum,</strong></span> <span class='ocrx_word' id='word_1_123' title='bbox 1033 1705 1050 1748; x_wconf 89' lang='lat' dir='ltr'><strong>a</strong></span> <span class='ocrx_word' id='word_1_124' title='bbox 1070 1704 1132 1767; x_wconf 87' lang='lat' dir='ltr'><strong>quo</strong></span> <span class='ocrx_word' id='word_1_125' title='bbox 1156 1686 1324 1769; x_wconf 86' lang='lat' dir='ltr'><strong>adoptatos</strong></span> <span class='ocrx_word' id='word_1_126' title='bbox 1344 1691 1424 1755; x_wconf 89' lang='lat' dir='ltr'><strong>erat.</strong></span> <span class='ocrx_word' id='word_1_127' title='bbox 1541 1669 1542 1732; x_wconf 65' lang='grc' dir='ltr'>ἶ</span> 
     </span>
     <span class='ocr_line' id='line_1_14' title="bbox 274 1791 1542 1878; baseline 0.002 -24"><span class='ocrx_word' id='word_1_128' title='bbox 274 1793 566 1855; x_wconf 81' lang='lat' dir='ltr'><strong>commemorasset.</strong></span> <span class='ocrx_word' id='word_1_129' title='bbox 591 1809 673 1855; x_wconf 89' lang='lat' dir='ltr'><strong>nunc</strong></span> <span class='ocrx_word' id='word_1_130' title='bbox 697 1810 771 1856; x_wconf 89' lang='lat' dir='ltr'><strong>uere</strong></span> <span class='ocrx_word' id='word_1_131' title='bbox 797 1810 870 1856; x_wconf 92' lang='lat' dir='ltr'><strong>oum</strong></span> <span class='ocrx_word' id='word_1_132' title='bbox 894 1792 973 1856; x_wconf 85' lang='lat' dir='ltr'><strong>altar</strong></span> <span class='ocrx_word' id='word_1_133' title='bbox 1001 1791 1093 1856; x_wconf 85' lang='lat' dir='ltr'><strong>dicit:</strong></span> <span class='ocrx_word' id='word_1_134' title='bbox 1126 1792 1247 1856; x_wconf 83' lang='lat' dir='ltr'><strong>Iaeob</strong></span> <span class='ocrx_word' id='word_1_135' title='bbox 1280 1794 1426 1876; x_wconf 86' lang='lat' dir='ltr'><strong>genuit</strong></span> <span class='ocrx_word' id='word_1_136' title='bbox 1541 1799 1542 1878; x_wconf 65' lang='grc' dir='ltr'>ξ</span> 
     </span>
     <span class='ocr_line' id='line_1_15' title="bbox 272 1897 1427 1980; baseline 0.004 -20"><span class='ocrx_word' id='word_1_137' title='bbox 272 1897 435 1980; x_wconf 88' lang='lat' dir='ltr'><strong>Ioseph,</strong></span> <span class='ocrx_word' id='word_1_138' title='bbox 460 1898 553 1962; x_wconf 86' lang='lat' dir='ltr'><strong>alter:</strong></span> <span class='ocrx_word' id='word_1_139' title='bbox 578 1898 738 1980; x_wconf 82' lang='lat' dir='ltr'><strong>Ioseph,</strong></span> <span class='ocrx_word' id='word_1_140' title='bbox 764 1898 832 1980; x_wconf 91' lang='lat' dir='ltr'><strong>qui</strong></span> <span class='ocrx_word' id='word_1_141' title='bbox 855 1899 938 1962; x_wconf 87' lang='lat' dir='ltr'><strong>fuit</strong></span> <span class='ocrx_word' id='word_1_142' title='bbox 961 1898 1081 1963; x_wconf 88' lang='lat' dir='ltr'><strong>filius</strong></span> <span class='ocrx_word' id='word_1_143' title='bbox 1106 1899 1209 1975; x_wconf 85' lang='lat' dir='ltr'><strong>Heli,</strong></span> <span class='ocrx_word' id='word_1_144' title='bbox 1234 1899 1328 1962; x_wconf 87' lang='lat' dir='ltr'><strong>etiam</strong></span> <span class='ocrx_word' id='word_1_145' title='bbox 1353 1899 1427 1980; x_wconf 85' lang='lat' dir='ltr'><strong>ipsa</strong></span> 
     </span>
     <span class='ocr_line' id='line_1_16' title="bbox 273 2003 1542 2094; baseline -0.001 -27"><span class='ocrx_word' id='word_1_146' title='bbox 273 2004 444 2068; x_wconf 89' lang='lat' dir='ltr'><strong>uerborum</strong></span> <span class='ocrx_word' id='word_1_147' title='bbox 473 2003 650 2068; x_wconf 86' lang='lat' dir='ltr'><strong>differentia</strong></span> <span class='ocrx_word' id='word_1_148' title='bbox 678 2004 753 2086; x_wconf 91' lang='lat' dir='ltr'><strong>quid</strong></span> <span class='ocrx_word' id='word_1_149' title='bbox 782 2005 901 2088; x_wconf 88' lang='lat' dir='ltr'><strong>singuli</strong></span> <span class='ocrx_word' id='word_1_150' title='bbox 926 2005 1142 2087; x_wconf 88' lang='lat' dir='ltr'><strong>suscepissent</strong></span> <span class='ocrx_word' id='word_1_151' title='bbox 1170 2007 1330 2088; x_wconf 82' lang='lat' dir='ltr'><strong>eleganter</strong></span> <span class='ocrx_word' id='word_1_152' title='bbox 1351 2005 1425 2070; x_wconf 87' lang='lat' dir='ltr'><strong>inti·</strong></span> <span class='ocrx_word' id='word_1_153' title='bbox 1447 2027 1470 2067; x_wconf 66' lang='grc' dir='ltr'><strong>ιε</strong></span> <span class='ocrx_word' id='word_1_154' title='bbox 1541 2063 1542 2094; x_wconf 24' lang='grc' dir='ltr'><strong>ἶ</strong></span> 
     </span>
     <span class='ocr_line' id='line_1_17' title="bbox 274 2107 1542 2196; baseline 0.005 -24"><span class='ocrx_word' id='word_1_155' title='bbox 274 2113 451 2175; x_wconf 84' lang='lat' dir='ltr'><strong>mouerunt.</strong></span> <span class='ocrx_word' id='word_1_156' title='bbox 471 2111 526 2175; x_wconf 91' lang='lat' dir='ltr'><strong>sed</strong></span> <span class='ocrx_word' id='word_1_157' title='bbox 546 2111 606 2176; x_wconf 91' lang='lat' dir='ltr'><strong>hoe</strong></span> <span class='ocrx_word' id='word_1_158' title='bbox 625 2111 717 2175; x_wconf 87' lang='lat' dir='ltr'><strong>facile</strong></span> <span class='ocrx_word' id='word_1_159' title='bbox 737 2130 822 2180; x_wconf 82' lang='lat' dir='ltr'><strong>sane.</strong></span> <span class='ocrx_word' id='word_1_160' title='bbox 844 2115 879 2174; x_wconf 85' lang='lat' dir='ltr'><strong>ut</strong></span> <span class='ocrx_word' id='word_1_161' title='bbox 898 2111 970 2187; x_wconf 79' lang='lat' dir='ltr'><strong>diri,</strong></span> <span class='ocrx_word' id='word_1_162' title='bbox 990 2115 1102 2196; x_wconf 84' lang='lat' dir='ltr'><strong>posset</strong></span> <span class='ocrx_word' id='word_1_163' title='bbox 1120 2130 1283 2176; x_wconf 87' lang='lat' dir='ltr'><strong>occurrere</strong></span> <span class='ocrx_word' id='word_1_164' title='bbox 1304 2113 1427 2178; x_wconf 90' lang='lat' dir='ltr'><strong>homini</strong></span> <span class='ocrx_word' id='word_1_165' title='bbox 1541 2107 1542 2196; x_wconf 48' lang='grc' dir='ltr'>ᾖ</span> 
     </span>
     <span class='ocr_line' id='line_1_18' title="bbox 275 2198 1542 2302; baseline 0 -22"><span class='ocrx_word' id='word_1_166' title='bbox 275 2217 439 2301; x_wconf 87' lang='lat' dir='ltr'><strong>religioso,</strong></span> <span class='ocrx_word' id='word_1_167' title='bbox 472 2219 526 2299; x_wconf 92' lang='lat' dir='ltr'><strong>qui</strong></span> <span class='ocrx_word' id='word_1_168' title='bbox 559 2218 723 2301; x_wconf 87' lang='lat' dir='ltr'><strong>quodlibet</strong></span> <span class='ocrx_word' id='word_1_169' title='bbox 754 2217 843 2282; x_wconf 86' lang='lat' dir='ltr'><strong>aliud</strong></span> <span class='ocrx_word' id='word_1_170' title='bbox 875 2219 1088 2301; x_wconf 86' lang='lat' dir='ltr'><strong>quaerendum</strong></span> <span class='ocrx_word' id='word_1_171' title='bbox 1119 2219 1228 2302; x_wconf 84' lang='lat' dir='ltr'><strong>potius</strong></span> <span class='ocrx_word' id='word_1_172' title='bbox 1259 2219 1429 2301; x_wconf 87' lang='lat' dir='ltr'><strong>iudicaret,</strong></span> <span class='ocrx_word' id='word_1_173' title='bbox 1541 2198 1542 2280; x_wconf 79' lang='lat' dir='ltr'><strong>l</strong></span> 
     </span>
     <span class='ocr_line' id='line_1_19' title="bbox 276 2325 1430 2408; baseline 0.002 -20"><span class='ocrx_word' id='word_1_174' title='bbox 276 2345 370 2408; x_wconf 90' lang='lat' dir='ltr'><strong>quam</strong></span> <span class='ocrx_word' id='word_1_175' title='bbox 402 2325 633 2408; x_wconf 86' lang='lat' dir='ltr'><strong>euangelistam</strong></span> <span class='ocrx_word' id='word_1_176' title='bbox 666 2325 808 2390; x_wconf 88' lang='lat' dir='ltr'><strong>erederet</strong></span> <span class='ocrx_word' id='word_1_177' title='bbox 840 2344 910 2390; x_wconf 88' lang='lat' dir='ltr'><strong>esse</strong></span> <span class='ocrx_word' id='word_1_178' title='bbox 938 2325 1118 2404; x_wconf 84' lang='lat' dir='ltr'><strong>mentitum,</strong></span> <span class='ocrx_word' id='word_1_179' title='bbox 1152 2325 1255 2402; x_wconf 80' lang='lat' dir='ltr'><strong>facile,</strong></span> <span class='ocrx_word' id='word_1_180' title='bbox 1284 2326 1430 2407; x_wconf 88' lang='lat' dir='ltr'><strong>inquam,</strong></span> 
     </span>
    </p>
   </div>
   <div class='ocr_carea' id='block_1_3' title="bbox 277 2430 1431 2514">
    <p class='ocr_par' dir='ltr' id='par_1_3' title="bbox 277 2425 1542 2528">
     <span class='ocr_line' id='line_1_20' title="bbox 277 2430 1431 2514; baseline -0.001 -18"><span class='ocrx_word' id='word_1_181' title='bbox 277 2433 465 2513; x_wconf 86' lang='lat' dir='ltr'><strong>occurreret,</strong></span> <span class='ocrx_word' id='word_1_182' title='bbox 494 2434 532 2496; x_wconf 90' lang='lat' dir='ltr'><strong>ut</strong></span> <span class='ocrx_word' id='word_1_183' title='bbox 558 2431 692 2509; x_wconf 89' lang='lat' dir='ltr'><strong>uideret,</strong></span> <span class='ocrx_word' id='word_1_184' title='bbox 717 2430 832 2514; x_wconf 86' lang='lat' dir='ltr'><strong>quibas</strong></span> <span class='ocrx_word' id='word_1_185' title='bbox 858 2431 962 2497; x_wconf 87' lang='lat' dir='ltr'><strong>causis</strong></span> <span class='ocrx_word' id='word_1_186' title='bbox 991 2431 1085 2496; x_wconf 92' lang='lat' dir='ltr'><strong>homo</strong></span> <span class='ocrx_word' id='word_1_187' title='bbox 1110 2450 1193 2496; x_wconf 90' lang='lat' dir='ltr'><strong>unus</strong></span> <span class='ocrx_word' id='word_1_188' title='bbox 1217 2433 1297 2497; x_wconf 87' lang='lat' dir='ltr'><strong>duos</strong></span> <span class='ocrx_word' id='word_1_189' title='bbox 1320 2436 1431 2514; x_wconf 84' lang='lat' dir='ltr'><strong>patres</strong></span> 
     </span>
    </p>
   </div>
   <div class='ocr_carea' id='block_1_4' title="bbox 233 2537 1542 3047">
    <p class='ocr_par' dir='ltr' id='par_1_4' title="bbox 233 2537 1542 3047">
     <span class='ocr_line' id='line_1_21' title="bbox 276 2537 1542 2622; baseline 0 -20"><span class='ocrx_word' id='word_1_190' title='bbox 276 2539 391 2602; x_wconf 88' lang='lat' dir='ltr'><strong>habere</strong></span> <span class='ocrx_word' id='word_1_191' title='bbox 410 2539 560 2620; x_wconf 82' lang='lat' dir='ltr'><strong>potuerit.</strong></span> <span class='ocrx_word' id='word_1_192' title='bbox 585 2538 645 2603; x_wconf 91' lang='lat' dir='ltr'><strong>hoo</strong></span> <span class='ocrx_word' id='word_1_193' title='bbox 665 2541 697 2602; x_wconf 88' lang='lat' dir='ltr'><strong>et</strong></span> <span class='ocrx_word' id='word_1_194' title='bbox 715 2537 781 2602; x_wconf 88' lang='lat' dir='ltr'><strong>illis</strong></span> <span class='ocrx_word' id='word_1_195' title='bbox 802 2537 1008 2602; x_wconf 84' lang='lat' dir='ltr'><strong>calumniosis</strong></span> <span class='ocrx_word' id='word_1_196' title='bbox 1024 2541 1211 2616; x_wconf 82' lang='lat' dir='ltr'><strong>occurreret,</strong></span> <span class='ocrx_word' id='word_1_197' title='bbox 1227 2539 1288 2603; x_wconf 85' lang='lat' dir='ltr'><strong>nisi</strong></span> <span class='ocrx_word' id='word_1_198' title='bbox 1302 2539 1432 2622; x_wconf 85' lang='lat' dir='ltr'><strong>litigare</strong></span> <span class='ocrx_word' id='word_1_199' title='bbox 1450 2563 1476 2602; x_wconf 73' lang='lat' dir='ltr'><strong>so</strong></span> <span class='ocrx_word' id='word_1_200' title='bbox 1541 2537 1542 2620; x_wconf 78' lang='lat' dir='ltr'><strong>i</strong></span> 
     </span>
     <span class='ocr_line' id='line_1_22' title="bbox 277 2644 814 2729; baseline -0.001 -20"><span class='ocrx_word' id='word_1_201' title='bbox 277 2665 372 2729; x_wconf 89' lang='lat' dir='ltr'><strong>quam</strong></span> <span class='ocrx_word' id='word_1_202' title='bbox 395 2644 592 2710; x_wconf 88' lang='lat' dir='ltr'><strong>considerare</strong></span> <span class='ocrx_word' id='word_1_203' title='bbox 615 2645 814 2710; x_wconf 86' lang='lat' dir='ltr'><strong>maluissent.</strong></span> 
     </span>
     <span class='ocr_line' id='line_1_23' title="bbox 233 2750 1432 2834; baseline -0.003 -14"><span class='ocrx_word' id='word_1_204' title='bbox 233 2757 252 2820; x_wconf 88' lang='lat'>8</span> <span class='ocrx_word' id='word_1_205' title='bbox 320 2751 393 2815; x_wconf 90' lang='lat' dir='ltr'><strong>IIII.</strong></span> <span class='ocrx_word' id='word_1_206' title='bbox 417 2751 625 2816; x_wconf 86' lang='lat' dir='ltr'><strong>illudentem</strong></span> <span class='ocrx_word' id='word_1_207' title='bbox 647 2752 731 2834; x_wconf 93' lang='lat' dir='ltr'><strong>quod</strong></span> <span class='ocrx_word' id='word_1_208' title='bbox 751 2750 900 2834; x_wconf 83' lang='lat' dir='ltr'><strong>deinceps</strong></span> <span class='ocrx_word' id='word_1_209' title='bbox 919 2751 1146 2816; x_wconf 86' lang='lat' dir='ltr'><strong>insinuandum</strong></span> <span class='ocrx_word' id='word_1_210' title='bbox 1166 2754 1224 2828; x_wconf 88' lang='lat' dir='ltr'><strong>ost,</strong></span> <span class='ocrx_word' id='word_1_211' title='bbox 1244 2770 1374 2815; x_wconf 90' lang='lat' dir='ltr'><strong>reuera</strong></span> <span class='ocrx_word' id='word_1_212' title='bbox 1394 2755 1432 2816; x_wconf 93' lang='lat' dir='ltr'><strong>ut</strong></span> 
     </span>
     <span class='ocr_line' id='line_1_24' title="bbox 278 2857 1542 2942; baseline 0.001 -21"><span class='ocrx_word' id='word_1_213' title='bbox 278 2857 399 2921; x_wconf 77' lang='lat' dir='ltr'><strong>aduecti</strong></span> <span class='ocrx_word' id='word_1_214' title='bbox 423 2861 456 2921; x_wconf 90' lang='lat' dir='ltr'><strong>et</strong></span> <span class='ocrx_word' id='word_1_215' title='bbox 477 2858 580 2922; x_wconf 91' lang='lat' dir='ltr'><strong>uideri</strong></span> <span class='ocrx_word' id='word_1_216' title='bbox 602 2861 721 2941; x_wconf 87' lang='lat' dir='ltr'><strong>posset,</strong></span> <span class='ocrx_word' id='word_1_217' title='bbox 744 2858 895 2922; x_wconf 88' lang='lat' dir='ltr'><strong>lectorem</strong></span> <span class='ocrx_word' id='word_1_218' title='bbox 920 2858 1178 2923; x_wconf 86' lang='lat' dir='ltr'><strong>adtentissimum</strong></span> <span class='ocrx_word' id='word_1_219' title='bbox 1202 2862 1234 2923; x_wconf 86' lang='lat' dir='ltr'><strong>et</strong></span> <span class='ocrx_word' id='word_1_220' title='bbox 1252 2857 1432 2942; x_wconf 85' lang='lat' dir='ltr'><strong>diligentis·</strong></span> <span class='ocrx_word' id='word_1_221' title='bbox 1541 2859 1542 2866; x_wconf 76' lang='grc'>’</span> 
     </span>
     <span class='ocr_line' id='line_1_25' title="bbox 279 2955 1542 3047; baseline 0.002 -20"><span class='ocrx_word' id='word_1_222' title='bbox 279 2965 396 3028; x_wconf 91' lang='lat' dir='ltr'><strong>simum</strong></span> <span class='ocrx_word' id='word_1_223' title='bbox 419 2965 609 3047; x_wconf 84' lang='lat' dir='ltr'><strong>requirebat.</strong></span> <span class='ocrx_word' id='word_1_224' title='bbox 634 2968 726 3029; x_wconf 87' lang='lat' dir='ltr'><strong>acute</strong></span> <span class='ocrx_word' id='word_1_225' title='bbox 745 2965 862 3047; x_wconf 91' lang='lat' dir='ltr'><strong>quippe</strong></span> <span class='ocrx_word' id='word_1_226' title='bbox 886 2964 1140 3031; x_wconf 86' lang='lat' dir='ltr'><strong>animaduersum</strong></span> <span class='ocrx_word' id='word_1_227' title='bbox 1165 2969 1214 3030; x_wconf 88' lang='lat' dir='ltr'><strong>est</strong></span> <span class='ocrx_word' id='word_1_228' title='bbox 1237 2966 1433 3038; x_wconf 85' lang='lat' dir='ltr'><strong>Mattheum,</strong></span> <span class='ocrx_word' id='word_1_229' title='bbox 1541 2955 1542 2998; x_wconf 61' lang='lat'><em>³</em></span> 
     </span>
    </p>
   </div>
   <div class='ocr_carea' id='block_1_5' title="bbox 278 3139 1542 3284">
    <p class='ocr_par' dir='ltr' id='par_1_5' title="bbox 278 3139 1542 3284">
     <span class='ocr_line' id='line_1_26' title="bbox 370 3139 1542 3218; baseline 0.001 -24"><span class='ocrx_word' id='word_1_230' title='bbox 370 3142 403 3195; x_wconf 86' lang='lat'><strong>13</strong></span> <span class='ocrx_word' id='word_1_231' title='bbox 421 3141 520 3195; x_wconf 78' lang='lat' dir='ltr'><strong>marth.</strong></span> <span class='ocrx_word' id='word_1_232' title='bbox 542 3143 566 3206; x_wconf 86' lang='lat'><strong>1,</strong></span> <span class='ocrx_word' id='word_1_233' title='bbox 587 3142 620 3196; x_wconf 89' lang='grc'><strong>16</strong></span> <span class='ocrx_word' id='word_1_234' title='bbox 684 3143 718 3195; x_wconf 89' lang='lat'><strong>14</strong></span> <span class='ocrx_word' id='word_1_235' title='bbox 735 3141 801 3194; x_wconf 88' lang='lat' dir='ltr'><strong>Luc.</strong></span> <span class='ocrx_word' id='word_1_236' title='bbox 820 3142 845 3208; x_wconf 87' lang='lat'><strong>3,</strong></span> <span class='ocrx_word' id='word_1_237' title='bbox 864 3141 899 3195; x_wconf 86' lang='grc'><strong>23</strong></span> <span class='ocrx_word' id='word_1_238' title='bbox 953 3141 987 3194; x_wconf 89' lang='grc'><strong>22</strong></span> <span class='ocrx_word' id='word_1_239' title='bbox 1007 3139 1041 3194; x_wconf 86' lang='lat' dir='ltr'><strong>ci.</strong></span> <span class='ocrx_word' id='word_1_240' title='bbox 1060 3141 1120 3195; x_wconf 90' lang='lat' dir='ltr'><strong>leh.</strong></span> <span class='ocrx_word' id='word_1_241' title='bbox 1141 3140 1278 3210; x_wconf 80' lang='lat' dir='ltr'><strong>chrysost.</strong></span> <span class='ocrx_word' id='word_1_242' title='bbox 1298 3141 1381 3198; x_wconf 88' lang='lat' dir='ltr'><strong>Hom.</strong></span> <span class='ocrx_word' id='word_1_243' title='bbox 1404 3144 1433 3196; x_wconf 93' lang='lat' dir='ltr'><strong>in</strong></span> <span class='ocrx_word' id='word_1_244' title='bbox 1541 3185 1542 3218; x_wconf 26' lang='lat' dir='ltr'><strong>p</strong></span> 
     </span>
     <span class='ocr_line' id='line_1_27' title="bbox 278 3229 1542 3284; baseline -0.004 -1"><span class='ocrx_word' id='word_1_245' title='bbox 278 3229 413 3284; x_wconf 73' lang='lat' dir='ltr'><strong>natans</strong></span> <span class='ocrx_word' id='word_1_246' title='bbox 1541 3245 1542 3252; x_wconf 50' lang='lat'>¹</span> 
     </span>
    </p>
   </div>
   <div class='ocr_carea' id='block_1_6' title="bbox 280 3335 1542 4293">
    <p class='ocr_par' dir='ltr' id='par_1_6' title="bbox 280 3335 1542 4293">
     <span class='ocr_line' id='line_1_28' title="bbox 315 3335 1542 3408; baseline 0.003 -19"><span class='ocrx_word' id='word_1_247' title='bbox 315 3337 480 3390; x_wconf 67' lang='lat' dir='ltr'><strong>tessetB¹</strong></span> <span class='ocrx_word' id='word_1_248' title='bbox 598 3338 680 3390; x_wconf 87' lang='lat' dir='ltr'><strong>etiam</strong></span> <span class='ocrx_word' id='word_1_249' title='bbox 700 3353 750 3391; x_wconf 84' lang='lat' dir='ltr'><strong>om.</strong></span> <span class='ocrx_word' id='word_1_250' title='bbox 775 3335 864 3408; x_wconf 69' lang='lat' dir='ltr'><strong>Vdp</strong></span> <span class='ocrx_word' id='word_1_251' title='bbox 945 3337 1063 3405; x_wconf 76' lang='lat' dir='ltr'><strong>tsicut]</strong></span> <span class='ocrx_word' id='word_1_252' title='bbox 1082 3337 1121 3390; x_wconf 87' lang='lat' dir='ltr'><strong>sio</strong></span> <span class='ocrx_word' id='word_1_253' title='bbox 1141 3339 1203 3406; x_wconf 74' lang='lat' dir='ltr'><strong>etp</strong></span> <span class='ocrx_word' id='word_1_254' title='bbox 1320 3338 1361 3392; x_wconf 87' lang='lat' dir='ltr'><strong>fili</strong></span> <span class='ocrx_word' id='word_1_255' title='bbox 1385 3339 1437 3392; x_wconf 78' lang='grc' dir='ltr'><strong>ΟΡ</strong></span> <span class='ocrx_word' id='word_1_256' title='bbox 1541 3379 1542 3400; x_wconf 35' lang='lat' dir='ltr'><strong>q</strong></span> 
     </span>
     <span class='ocr_line' id='line_1_29' title="bbox 280 3425 1542 3496; baseline 0.003 -18"><span class='ocrx_word' id='word_1_257' title='bbox 280 3425 433 3479; x_wconf 72' lang='lat' dir='ltr'><strong>thominis</strong></span> <span class='ocrx_word' id='word_1_258' title='bbox 455 3425 516 3479; x_wconf 76' lang='lat'><strong>0¹1&gt;</strong></span> <span class='ocrx_word' id='word_1_259' title='bbox 586 3427 717 3496; x_wconf 85' lang='lat' dir='ltr'><strong>essemus]</strong></span> <span class='ocrx_word' id='word_1_260' title='bbox 738 3427 855 3479; x_wconf 88' lang='lat' dir='ltr'><strong>simusr</strong></span> <span class='ocrx_word' id='word_1_261' title='bbox 918 3425 1026 3495; x_wconf 82' lang='lat' dir='ltr'><strong>dquod</strong></span> <span class='ocrx_word' id='word_1_262' title='bbox 1040 3426 1098 3495; x_wconf 64' lang='lat' dir='ltr'><strong>pru]</strong></span> <span class='ocrx_word' id='word_1_263' title='bbox 1119 3427 1198 3496; x_wconf 87' lang='lat' dir='ltr'><strong>quir</strong></span> <span class='ocrx_word' id='word_1_264' title='bbox 1256 3427 1369 3480; x_wconf 78' lang='lat' dir='ltr'><strong>Somni</strong></span> <span class='ocrx_word' id='word_1_265' title='bbox 1388 3445 1434 3482; x_wconf 87' lang='lat' dir='ltr'><strong>me</strong></span> <span class='ocrx_word' id='word_1_266' title='bbox 1541 3429 1542 3438; x_wconf 59' lang='lat'><em>²</em></span> 
     </span>
     <span class='ocr_line' id='line_1_30' title="bbox 280 3513 1542 3586; baseline 0.005 -20"><span class='ocrx_word' id='word_1_267' title='bbox 280 3513 329 3581; x_wconf 72' lang='lat' dir='ltr'><strong>El,</strong></span> <span class='ocrx_word' id='word_1_268' title='bbox 348 3515 456 3567; x_wconf 91' lang='lat' dir='ltr'><strong>omnino</strong></span> <span class='ocrx_word' id='word_1_269' title='bbox 475 3514 577 3569; x_wconf 81' lang='lat' dir='ltr'><em>AE²U</em></span> <span class='ocrx_word' id='word_1_270' title='bbox 593 3533 628 3565; x_wconf 80' lang='grc' dir='ltr'><strong>απ</strong></span> <span class='ocrx_word' id='word_1_271' title='bbox 642 3531 664 3582; x_wconf 79' lang='lat' dir='ltr'><strong>p</strong></span> <span class='ocrx_word' id='word_1_272' title='bbox 738 3515 892 3584; x_wconf 88' lang='lat' dir='ltr'><strong>ambiquum</strong></span> <span class='ocrx_word' id='word_1_273' title='bbox 915 3515 947 3569; x_wconf 83' lang='lat'><strong>0¹</strong></span> <span class='ocrx_word' id='word_1_274' title='bbox 1002 3514 1303 3584; x_wconf 78' lang='lat' dir='ltr'><strong>9commemoraseaQ</strong></span> <span class='ocrx_word' id='word_1_275' title='bbox 1365 3534 1434 3586; x_wconf 89' lang='lat' dir='ltr'><strong>quo·</strong></span> <span class='ocrx_word' id='word_1_276' title='bbox 1541 3531 1542 3572; x_wconf 51' lang='grc' dir='ltr'>Τ</span> 
     </span>
     <span class='ocr_line' id='line_1_31' title="bbox 281 3577 1542 3675; baseline 0.002 -18"><span class='ocrx_word' id='word_1_277' title='bbox 281 3602 374 3672; x_wconf 89' lang='lat' dir='ltr'><strong>modo]</strong></span> <span class='ocrx_word' id='word_1_278' title='bbox 394 3603 521 3671; x_wconf 84' lang='lat' dir='ltr'><strong>quoniam</strong></span> <span class='ocrx_word' id='word_1_279' title='bbox 538 3619 558 3671; x_wconf 85' lang='lat' dir='ltr'><strong>p</strong></span> <span class='ocrx_word' id='word_1_280' title='bbox 632 3605 665 3658; x_wconf 91' lang='lat'><strong>10</strong></span> <span class='ocrx_word' id='word_1_281' title='bbox 685 3606 737 3657; x_wconf 90' lang='lat' dir='ltr'><strong>etsi</strong></span> <span class='ocrx_word' id='word_1_282' title='bbox 757 3608 835 3670; x_wconf 82' lang='lat' dir='ltr'><strong>(ets.</strong></span> <span class='ocrx_word' id='word_1_283' title='bbox 857 3603 931 3670; x_wconf 61' lang='grc' dir='ltr'><strong>ΜΒ</strong></span> <span class='ocrx_word' id='word_1_284' title='bbox 1013 3604 1059 3658; x_wconf 83' lang='lat' dir='ltr'><strong>sed</strong></span> <span class='ocrx_word' id='word_1_285' title='bbox 1079 3605 1118 3673; x_wconf 89' lang='lat' dir='ltr'><strong>et]</strong></span> <span class='ocrx_word' id='word_1_286' title='bbox 1139 3603 1186 3658; x_wconf 86' lang='lat' dir='ltr'><strong>aad</strong></span> <span class='ocrx_word' id='word_1_287' title='bbox 1205 3605 1228 3658; x_wconf 88' lang='lat' dir='ltr'><strong>si</strong></span> <span class='ocrx_word' id='word_1_288' title='bbox 1249 3603 1280 3673; x_wconf 79' lang='lat' dir='ltr'><strong>Q,</strong></span> <span class='ocrx_word' id='word_1_289' title='bbox 1299 3605 1350 3659; x_wconf 84' lang='lat' dir='ltr'><strong>sed</strong></span> <span class='ocrx_word' id='word_1_290' title='bbox 1371 3611 1434 3675; x_wconf 86' lang='lat' dir='ltr'><strong>(om.</strong></span> <span class='ocrx_word' id='word_1_291' title='bbox 1541 3577 1542 3626; x_wconf 37' lang='lat' dir='ltr'><strong>l</strong></span> 
     </span>
     <span class='ocr_line' id='line_1_32' title="bbox 284 3691 1542 3770; baseline 0.005 -26"><span class='ocrx_word' id='word_1_292' title='bbox 284 3694 321 3758; x_wconf 88' lang='lat' dir='ltr'><strong>et)</strong></span> <span class='ocrx_word' id='word_1_293' title='bbox 339 3692 385 3744; x_wconf 86' lang='lat' dir='ltr'><strong>M¹</strong></span> <span class='ocrx_word' id='word_1_294' title='bbox 405 3709 431 3760; x_wconf 79' lang='lat' dir='ltr'><strong>p,</strong></span> <span class='ocrx_word' id='word_1_295' title='bbox 451 3691 541 3745; x_wconf 84' lang='lat' dir='ltr'><strong>sedai</strong></span> <span class='ocrx_word' id='word_1_296' title='bbox 561 3696 622 3745; x_wconf 88' lang='lat' dir='ltr'><strong>etr</strong></span> <span class='ocrx_word' id='word_1_297' title='bbox 704 3694 734 3746; x_wconf 92' lang='lat' dir='ltr'><strong>ll</strong></span> <span class='ocrx_word' id='word_1_298' title='bbox 755 3693 814 3761; x_wconf 85' lang='lat' dir='ltr'><strong>ille]</strong></span> <span class='ocrx_word' id='word_1_299' title='bbox 836 3693 901 3747; x_wconf 87' lang='lat' dir='ltr'><strong>odd.</strong></span> <span class='ocrx_word' id='word_1_300' title='bbox 920 3693 1040 3763; x_wconf 78' lang='lat' dir='ltr'><strong>filiumq</strong></span> <span class='ocrx_word' id='word_1_301' title='bbox 1114 3694 1146 3746; x_wconf 88' lang='grc'><strong>12</strong></span> <span class='ocrx_word' id='word_1_302' title='bbox 1166 3693 1225 3762; x_wconf 88' lang='lat' dir='ltr'><strong>quis</strong></span> <span class='ocrx_word' id='word_1_303' title='bbox 1244 3694 1322 3748; x_wconf 90' lang='lat' dir='ltr'><strong>illurn</strong></span> <span class='ocrx_word' id='word_1_304' title='bbox 1342 3711 1360 3749; x_wconf 84' lang='lat' dir='ltr'><strong>a</strong></span> <span class='ocrx_word' id='word_1_305' title='bbox 1381 3713 1434 3766; x_wconf 89' lang='lat' dir='ltr'><strong>que</strong></span> <span class='ocrx_word' id='word_1_306' title='bbox 1541 3729 1542 3770; x_wconf 37' lang='lat' dir='ltr'><strong>p</strong></span> 
     </span>
     <span class='ocr_line' id='line_1_33' title="bbox 281 3780 1438 3852; baseline 0.006 -19"><span class='ocrx_word' id='word_1_307' title='bbox 281 3780 429 3850; x_wconf 84' lang='lat' dir='ltr'><strong>adoptatus</strong></span> <span class='ocrx_word' id='word_1_308' title='bbox 448 3796 499 3836; x_wconf 90' lang='lat' dir='ltr'><strong>om.</strong></span> <span class='ocrx_word' id='word_1_309' title='bbox 518 3781 664 3834; x_wconf 82' lang='lat' dir='ltr'><em>HAELU</em></span> <span class='ocrx_word' id='word_1_310' title='bbox 699 3782 732 3836; x_wconf 85' lang='lat'><strong>13</strong></span> <span class='ocrx_word' id='word_1_311' title='bbox 750 3781 840 3850; x_wconf 76' lang='lat' dir='ltr'><strong>iacob]</strong></span> <span class='ocrx_word' id='word_1_312' title='bbox 862 3782 927 3836; x_wconf 83' lang='lat' dir='ltr'><strong>add.</strong></span> <span class='ocrx_word' id='word_1_313' title='bbox 947 3785 1068 3852; x_wconf 77' lang='lat' dir='ltr'><strong>autemp</strong></span> <span class='ocrx_word' id='word_1_314' title='bbox 1104 3783 1137 3836; x_wconf 80' lang='lat'><strong>14</strong></span> <span class='ocrx_word' id='word_1_315' title='bbox 1156 3783 1252 3852; x_wconf 88' lang='lat' dir='ltr'><strong>ioseph</strong></span> <span class='ocrx_word' id='word_1_316' title='bbox 1269 3799 1311 3851; x_wconf 82' lang='lat' dir='ltr'><strong>pr.</strong></span> <span class='ocrx_word' id='word_1_317' title='bbox 1331 3799 1355 3837; x_wconf 82' lang='lat' dir='ltr'><strong>e.</strong></span> <span class='ocrx_word' id='word_1_318' title='bbox 1377 3785 1395 3839; x_wconf 83' lang='lat' dir='ltr'><strong>l.</strong></span> <span class='ocrx_word' id='word_1_319' title='bbox 1414 3785 1438 3839; x_wconf 78' lang='lat'><strong><em>0</em></strong></span> 
     </span>
     <span class='ocr_line' id='line_1_34' title="bbox 284 3857 1542 3941; baseline 0.004 -18"><span class='ocrx_word' id='word_1_320' title='bbox 284 3873 317 3924; x_wconf 84' lang='lat'><strong>15</strong></span> <span class='ocrx_word' id='word_1_321' title='bbox 337 3869 518 3924; x_wconf 83' lang='lat' dir='ltr'><strong>differentiam</strong></span> <span class='ocrx_word' id='word_1_322' title='bbox 539 3869 600 3923; x_wconf 74' lang='lat'><strong>0¹1&gt;</strong></span> <span class='ocrx_word' id='word_1_323' title='bbox 671 3871 803 3940; x_wconf 84' lang='lat' dir='ltr'><strong>eliganter</strong></span> <span class='ocrx_word' id='word_1_324' title='bbox 824 3870 979 3935; x_wconf 55' lang='lat' dir='ltr'><strong>&amp;Prae</strong></span> <span class='ocrx_word' id='word_1_325' title='bbox 1000 3871 1181 3940; x_wconf 69' lang='lat' dir='ltr'><strong>euidenterp²</strong></span> <span class='ocrx_word' id='word_1_326' title='bbox 1232 3871 1264 3926; x_wconf 83' lang='lat'><strong>17</strong></span> <span class='ocrx_word' id='word_1_327' title='bbox 1284 3872 1332 3941; x_wconf 92' lang='lat' dir='ltr'><strong>qui</strong></span> <span class='ocrx_word' id='word_1_328' title='bbox 1348 3875 1434 3928; x_wconf 88' lang='lat' dir='ltr'><strong>etiam</strong></span> <span class='ocrx_word' id='word_1_329' title='bbox 1541 3857 1542 3866; x_wconf 15' lang='grc' dir='ltr'><strong>ἶ</strong></span> 
     </span>
     <span class='ocr_line' id='line_1_35' title="bbox 284 3947 1542 4028; baseline 0.005 -17"><span class='ocrx_word' id='word_1_330' title='bbox 284 3958 453 4028; x_wconf 84' lang='lat' dir='ltr'><strong>quidlibetr</strong></span> <span class='ocrx_word' id='word_1_331' title='bbox 541 3959 729 4013; x_wconf 85' lang='lat' dir='ltr'><strong>indicaretM</strong></span> <span class='ocrx_word' id='word_1_332' title='bbox 801 3959 833 4014; x_wconf 88' lang='lat'><strong>18</strong></span> <span class='ocrx_word' id='word_1_333' title='bbox 853 3961 966 4013; x_wconf 74' lang='lat' dir='ltr'><strong>essmB</strong></span> <span class='ocrx_word' id='word_1_334' title='bbox 1039 3962 1071 4015; x_wconf 88' lang='grc'><strong>19</strong></span> <span class='ocrx_word' id='word_1_335' title='bbox 1090 3961 1170 4014; x_wconf 94' lang='lat' dir='ltr'><strong>homo</strong></span> <span class='ocrx_word' id='word_1_336' title='bbox 1189 3960 1342 4026; x_wconf 82' lang='lat' dir='ltr'><strong>uuusBT,</strong></span> <span class='ocrx_word' id='word_1_337' title='bbox 1364 3979 1435 4016; x_wconf 87' lang='lat' dir='ltr'><strong>unus</strong></span> <span class='ocrx_word' id='word_1_338' title='bbox 1541 3947 1542 3992; x_wconf 51' lang='lat' dir='ltr'><strong>l</strong></span> 
     </span>
     <span class='ocr_line' id='line_1_36' title="bbox 284 4047 1542 4118; baseline 0.004 -17"><span class='ocrx_word' id='word_1_339' title='bbox 284 4049 363 4102; x_wconf 88' lang='lat' dir='ltr'><strong>homo</strong></span> <span class='ocrx_word' id='word_1_340' title='bbox 384 4054 439 4110; x_wconf 84' lang='lat' dir='ltr'><strong>cet..</strong></span> <span class='ocrx_word' id='word_1_341' title='bbox 459 4049 520 4102; x_wconf 86' lang='lat' dir='ltr'><strong>edd.</strong></span> <span class='ocrx_word' id='word_1_342' title='bbox 606 4050 640 4102; x_wconf 88' lang='grc'><strong>22</strong></span> <span class='ocrx_word' id='word_1_343' title='bbox 659 4048 838 4103; x_wconf 84' lang='lat' dir='ltr'><strong>illudentem</strong></span> <span class='ocrx_word' id='word_1_344' title='bbox 857 4066 901 4118; x_wconf 91' lang='lat' dir='ltr'><strong>qu.</strong></span> <span class='ocrx_word' id='word_1_345' title='bbox 922 4049 1119 4118; x_wconf 86' lang='lat' dir='ltr'><strong>deincepsom.</strong></span> <span class='ocrx_word' id='word_1_346' title='bbox 1138 4047 1314 4114; x_wconf 76' lang='lat' dir='ltr'><strong>HAELUr</strong></span> <span class='ocrx_word' id='word_1_347' title='bbox 1393 4057 1436 4106; x_wconf 87' lang='lat' dir='ltr'><strong>est</strong></span> <span class='ocrx_word' id='word_1_348' title='bbox 1541 4048 1542 4090; x_wconf 48' lang='grc' dir='ltr'><em>Ὗ</em></span> 
     </span>
     <span class='ocr_line' id='line_1_37' title="bbox 283 4137 1542 4210; baseline 0.003 -20"><span class='ocrx_word' id='word_1_349' title='bbox 283 4155 312 4192; x_wconf 90' lang='lat' dir='ltr'><strong>re</strong></span> <span class='ocrx_word' id='word_1_350' title='bbox 332 4140 406 4207; x_wconf 85' lang='lat' dir='ltr'><strong>uera]</strong></span> <span class='ocrx_word' id='word_1_351' title='bbox 426 4155 529 4192; x_wconf 66' lang='lat' dir='ltr'><strong>mucra</strong></span> <span class='ocrx_word' id='word_1_352' title='bbox 547 4139 574 4190; x_wconf 90' lang='lat' dir='ltr'><em>B</em></span> <span class='ocrx_word' id='word_1_353' title='bbox 663 4139 698 4192; x_wconf 88' lang='grc'><strong>23</strong></span> <span class='ocrx_word' id='word_1_354' title='bbox 718 4138 829 4192; x_wconf 86' lang='lat' dir='ltr'><strong>aduerte</strong></span> <span class='ocrx_word' id='word_1_355' title='bbox 850 4140 877 4192; x_wconf 89' lang='lat' dir='ltr'><strong>et</strong></span> <span class='ocrx_word' id='word_1_356' title='bbox 896 4138 988 4192; x_wconf 90' lang='lat' dir='ltr'><strong>uidere</strong></span> <span class='ocrx_word' id='word_1_357' title='bbox 1010 4137 1070 4192; x_wconf 81' lang='lat'><strong>0¹1²</strong></span> <span class='ocrx_word' id='word_1_358' title='bbox 1155 4140 1378 4208; x_wconf 81' lang='lat' dir='ltr'><strong>attentyrsimum</strong></span> <span class='ocrx_word' id='word_1_359' title='bbox 1401 4142 1435 4206; x_wconf 89' lang='lat' dir='ltr'><strong>(si</strong></span> <span class='ocrx_word' id='word_1_360' title='bbox 1541 4143 1542 4210; x_wconf 56' lang='lat' dir='ltr'><strong>l</strong></span> 
     </span>
     <span class='ocr_line' id='line_1_38' title="bbox 283 4226 780 4293; baseline -0.004 -11"><span class='ocrx_word' id='word_1_361' title='bbox 283 4244 305 4281; x_wconf 83' lang='lat' dir='ltr'><strong>a.</strong></span> <span class='ocrx_word' id='word_1_362' title='bbox 324 4229 354 4293; x_wconf 87' lang='lat' dir='ltr'><strong>l.)</strong></span> <span class='ocrx_word' id='word_1_363' title='bbox 374 4227 414 4280; x_wconf 69' lang='grc' dir='ltr'><strong>Β1</strong></span> <span class='ocrx_word' id='word_1_364' title='bbox 468 4229 503 4281; x_wconf 82' lang='grc'><strong>24</strong></span> <span class='ocrx_word' id='word_1_365' title='bbox 521 4227 722 4282; x_wconf 87' lang='lat' dir='ltr'><strong>animaduersus</strong></span> <span class='ocrx_word' id='word_1_366' title='bbox 740 4226 780 4280; x_wconf 80' lang='grc' dir='ltr'><strong>Βι</strong></span> 
     </span>
    </p>
   </div>
   <div class='ocr_carea' id='block_1_7' title="bbox 0 0 1575 4967">
    <p class='ocr_par' dir='ltr' id='par_1_7' title="bbox 0 0 1575 4967">
     <span class='ocr_line' id='line_1_39' title="bbox 0 0 1575 4967; baseline 0 0"><span class='ocrx_word' id='word_1_367' title='bbox 0 0 1575 4967; x_wconf 95' lang='lat' dir='ltr'><strong> </strong></span> 
     </span>
    </p>
   </div>
  </div>
 </body>
</html>
