3100 4967
245 282 287 347 Vl
523 344 525 347 ¹
712 280 927 334 Praefatio.

243 476 312 541 dero
329 476 449 557 populo
472 475 650 557 crolcptotos
672 476 843 540 secorodom
869 480 1005 540 amtorem
1026 476 1290 559 cooeeuetado'eoem,
1310 478 1394 542 inire

243 584 339 647 otiam
366 584 448 663 sesto
475 584 634 659 cororoinc'o,
662 585 692 648 si
720 583 846 663 quondo
873 584 1003 666 acciperat
1024 584 1157 665 publico
1183 588 1267 661 uoto,
1292 583 1393 647 (11111-

244 691 358 755 nioms.
382 689 460 755 Det.
487 689 590 754 XIII.
614 690 693 754 Kal.
720 688 807 771 Sept.
831 688 1168 767 Patauio,.Tteeodoro
1198 690 1233 757 V.
1262 690 1296 755 0.
1321 690 1392 757 Coe.

244 796 312 883 (20.
337 799 421 879 Aug.
446 798 533 882 399).
558 801 590 863 ct
613 797 700 862 aliud
722 798 914 880 rescriptum
941 797 980 861 ad
1009 796 1146 862 eundem
1163 797 1394 881 Apollodorum

245 905 341 983 dedit,
371 924 432 989 quo
460 905 581 987 templa
607 904 730 969 illicitis
757 904 853 969 rebus
882 903 1018 986 spoliata
1044 903 1169 987 integra
1191 904 1396 986 relinquenda

245 1020 326 1077 esse*
349 1012 516 1076 constitnit
548 1030 574 1075 c.
610 1012 651 1074 18
686 1009 718 1075 C.
751 1010 810 1074 Th.
842 1010 920 1073 XVI
944 1011 999 1074 10:
1022 1008 1127 1073 Aedes
1154 1010 1276 1075 illicitis
1303 1011 1395 1073 rotae

243 1138 364 1181 coortos
381 1121 563 1181 nostrornm
581 1114 726 1199 beneficio
743 1119 941 1181 sanctionum
958 1136 999 1180 roe
1016 1116 1088 1196 pois
1105 1121 1232 1180 conetur
1250 1120 1394 1181 euertere.

245 1224 437 1288 decernimos
460 1226 552 1301 cutm,
576 1228 610 1289 ut
633 1222 848 1307 aedificiorum
876 1222 1000 1303 quidem
1027 1225 1070 1287 stt
1092 1224 1210 1306 iateper
1231 1227 1341 1301 etatem,
1366 1225 1395 1287 si

244 1334 316 1413 cors
338 1350 412 1395 uero
433 1330 591 1411 sacrificio
618 1329 716 1410 fcerIt
742 1328 960 1411 deprehensos,
989 1330 1026 1392 iu
1046 1350 1117 1393 cum
1146 1329 1265 1413 tepidas
1287 1330 1394 1393 111111-

245 1442 331 1502 cetor
362 1436 511 1518 depositis
541 1436 598 1499 sod
630 1435 735 1517 officio
767 1436 864 1500 idolis
890 1435 1111 1517 disceptatione
1137 1436 1255 1514 habito,
1284 1436 1396 1517 potiere

245 1544 340 1609 etium
360 1564 445 1608 onoc
462 1544 605 1625 potuerit
629 1544 746 1607 cattum
768 1562 874 1607 norece
895 1543 1129 1624 superstitionis
1147 1544 1295 1624 impendi.
1316 1543 1394 1608 Dot.

247 1650 351 1716 XIII.
376 1649 455 1715 Kut.
480 1651 563 1732 Sept.
588 1650 736 1725 Potonr'o,
767 1648 930 1715 Theodoro
964 1650 1000 1715 V.
1029 1651 1064 1715 0.
1090 1651 1159 1716 Cos.
1188 1670 1290 1733 neque
1319 1670 1395 1713 casu

246 1760 364 1824 facturn
389 1764 448 1838 est,
473 1762 510 1822 ut
532 1759 738 1841 imperatores
757 1776 889 1842 magnas
907 1757 980 1822 11111
998 1758 1087 1842 leges
1108 1776 1144 1822 eo
1162 1758 1233 1841 ipso
1252 1762 1395 1840 tempore

247 1868 372 1931 ferrent.
406 1866 556 1948 completi
588 1869 677 1930 erant
708 1865 792 1929 eninr
823 1864 873 1929 illi
904 1864 1037 1929 trecenti
1066 1865 1228 1949 sexaginta
1256 1863 1394 1946 quinque

247 1974 328 2053 enni,
352 1992 486 2055 quorum
509 1972 701 2036 mentionem
724 1972 802 2036 iacit
823 1971 1024 2054 Augustinus
1049 1970 1087 2034 de
1111 1970 1172 2036 ciu.
1197 1970 1249 2035 dei
1274 1972 1325 2049 18,
1351 1972 1394 2033 53

247 2084 279 2146 et
312 2082 364 2144 54.
397 2080 457 2143 hoc
490 2082 596 2143 antem
628 2078 781 2161 temporis
814 2080 954 2161 spatium
991 2078 1193 2161 Augustinus
1231 2079 1397 2158 computat

246 2187 374 2251 initium
411 2186 587 2267 sumpsisse
626 2184 675 2249 die
711 2187 913 2268 pentecostes
945 2183 992 2248 Id.
1022 2183 1100 2247 Mai.
1133 2184 1206 2247 anni
1241 2183 1395 2248 tricesimi

246 2293 333 2358 tertii
358 2297 390 2356 ct
411 2292 586 2357 numeralis
605 2291 737 2374 proinde
757 2290 944 2355 consulibus
962 2290 1131 2373 impletum
1156 2309 1226 2355 esse
1249 2308 1306 2371 per
1328 2308 1395 2354 ces·

248 2401 320 2464 dem
352 2398 429 2464 Idus
462 2398 563 2463 Maias
591 2397 730 2463 Honorio
759 2398 797 2462 A.
826 2397 875 2462 lll
903 2401 936 2462 11
962 2397 1162 2480 Eutychiano
1188 2396 1276 2462 Coss.
1301 2396 1396 2482 (398)

249 2525 344 2589 quare
367 2506 428 2569 hoc
451 2510 484 2569 et
507 2505 651 2588 sequenti
675 2522 754 2569 anno
786 2506 920 2580 multos
954 2504 1008 2586 qui
1032 2523 1050 2568 a
1073 2503 1135 2568 fide
1167 2502 1398 2568 reuocabentur

247 2617 410 2695 tamquam
430 2630 506 2675 nera
518 2612 575 2675 illa
589 2610 795 2686 diuinatione‚
807 2630 879 2675 curn
893 2610 1019 2674 inanem
1034 2610 1188 2688 uiderent,
1199 2608 1397 2675 Christianos

248 2721 348 2785 lectos
377 2736 447 2783 csse
475 2716 631 2799 suspicari
658 2717 745 2781 licet.
773 2718 840 2781 illis
868 2718 975 2781 antem
1002 2717 1128 2800 legibus
1156 2716 1296 2782 nondum
1326 2734 1398 2779 con·

249 2824 373 2891 stitutis
397 2824 566 2889 simulacre
586 2822 803 2907 confringendi
820 2823 870 2887 ius
889 2842 981 2888 nemo
1002 2822 1064 2887 sibi
1082 2820 1243 2886 uindicare
1262 2825 1396 2903 poterat,

247 2937 284 2997 ut
313 2932 405 2996 docet
432 2931 635 3015 Augustinus
663 2931 694 2994 in
724 2948 877 3007 sermone,
906 2949 1000 3011 quem
1029 2929 1066 2993 de
1100 2930 1207 2993 uerbis
1239 2927 1398 3013 euangelii

247 3045 319 3104 ‘uon
348 3058 419 3103 sum
448 3036 563 3122 dignus
591 3042 629 3101 ut
657 3037 716 3101 sub
745 3040 866 3100 tectum
895 3055 1002 3099 meum
1029 3035 1139 3100 intres’
1167 3039 1201 3099 11
1228 3035 1266 3098 de
1290 3035 1396 3099 uerbis

249 3144 387 3228 apostoli
414 3145 452 3209 ‘ei
481 3144 562 3208 enim
592 3144 664 3225 quis
687 3143 894 3207 uiderit..in
918 3142 1016 3206 idolio
1044 3143 1293 3207 recumbentem'
1318 3160 1395 3205 anno

249 3254 313 3317 318
343 3250 531 3335 Carthagine
560 3250 686 3313 hebuit:
709 3270 749 3312 ne
767 3249 902 3333 faciatis
929 3252 1000 3325 teta,
1029 3248 1154 3329 mondo
1183 3250 1220 3311 iu
1246 3253 1397 3329 potestate

249 3364 355 3423 uestro
373 3379 437 3422 nou
455 3364 509 3438 eet,
528 3362 563 3421 ut
577 3358 713 3441 factatis
731 3356 986 3437 1111...1ν11
1004 3357 1087 3420 enirn
1105 3359 1238 3439 opi-nens,
1258 3360 1293 3419 nt
1310 3354 1397 3419 idolo

249 3466 284 3529 io
307 3484 412 3529 eornm
437 3464 526 3528 cordo
540 3464 734 3548 sroopooms
757 3462 864 3548 (serm.
889 3464 941 3541 62,
966 3465 1018 3539 11,
1043 3484 1072 3527 n.
1098 3463 1163 3547 17).

295 3570 383 3650 Quae
402 3590 474 3637 cum
493 3572 538 3635 ita
557 3572 631 3649 siut,
650 3572 724 3635 libri
744 3571 782 3635 de
802 3589 956 3635 consensu
976 3570 1244 3655 euangelistarum
1265 3573 1397 3634 exeunte

250 3698 329 3743 anno
355 3678 419 3743 399
445 3677 580 3743 coniecti
604 3696 673 3743 esse
697 3677 856 3742 uidentur.

295 3786 406 3867 ltaque
430 3804 502 3849 cum
527 3784 657 3849 deornm
683 3784 791 3849 cultus
814 3787 881 3849 toto
905 3783 1038 3867 imperio
1056 3785 1197 3848 Romano
1220 3783 1397 3859 tolleretur,

250 3890 473 3957 elaborandum
498 3890 560 3954 sibi
583 3888 708 3954 censuit
730 3890 943 3974 Augustinus,
972 3893 1010 3954 ut
1033 3908 1069 3953 11
1092 3889 1292 3966 dissoluerat,
1313 3903 1397 3970 uuae

248 3998 370 4063 inimici
402 4000 510 4062 contra
539 3995 725 4080 religionem
758 3994 1012 4062 Christianorum
1049 3994 1197 4061 dicerent
1230 4014 1302 4058 nam
1336 3993 1399 4057 etsi

250 4105 376 4189 legibus
400 4104 627 4188 imperatorum
650 4104 770 4167 factum
795 4109 871 4181 crat
895 4106 932 4167 nt
953 4103 1003 4169 illi
1026 4104 1118 4168 ‘inter
1141 4121 1175 4167 se
1198 4102 1287 4186 ipsos
1312 4102 1398 4165 caln-

251 4212 352 4277 mnias
386 4230 460 4276 suas
487 4210 657 4274 mussitare
691 4210 742 4274 uix
775 4209 928 4275 auderent
955 4210 1129 4292 compressi
1155 4208 1217 4272 fide
1241 4208 1397 4292 gentium,
