3100 4967
231 334 260 399 X
696 327 916 381 Praefatio.

232 527 474 611 quaternionum
497 526 572 591 folia
597 523 751 588 exteriora
774 523 838 587 situ
868 524 901 586 et
927 520 1095 585 umiditate
1122 519 1272 584 mutilata
1294 524 1379 598 sunt,

231 638 267 699 ut
299 635 439 718 margine
477 651 603 697 corroso
642 630 786 715 singulae
819 629 1018 713 superiorum
1054 646 1207 693 uersuum
1243 627 1379 706 litterae,

232 740 385 823 syllabae,
414 758 510 804 uoces
538 737 690 821 perierint
717 737 808 800 uelut
835 735 887 799 fol.
914 734 976 799 177
1007 733 1096 817 (382,
1126 737 1144 797 5
1170 737 1202 797 et
1230 734 1304 798 383.
1330 732 1378 816 i):

279 848 355 911 177τ
385 866 470 910 6666
493 843 719 926 pseudocodicem
743 840 935 922 calescendo
954 844 1097 921 primurn
1119 841 1223 922 coisses>

382 956 423 1015 su
446 973 467 1015 6
491 950 655 1031 discipulis
677 951 712 1013 in
734 947 874 1031 6667666
892 946 1380 1029 [666666666666666661661)

383 1058 455 1121 adis
478 1056 558 1138 qnod
581 1054 673 1136 facile
696 1054 783 1117 uidet
806 1056 859 1135 qni
882 1053 992 1117 recidit
1014 1052 1272 1116 illocmirucrduns.

278 1166 353 1230 177*
385 1166 456 1247 <qni
492 1182 562 1227 6666
597 1181 632 1225 66
668 1161 795 1241 ficerunt
831 1159 1022 1242 espencaeus
1058 1164 1086 1222 et
1117 1158 1272 1241 flentibus
1310 1158 1380 1222 illos

381 1272 499 1353 (666666
523 1288 586 1332 666
609 1267 778 1331 credidisse
795 1267 884 1349 post>
906 1266 981 1329 6666
1005 1264 1116 1329 (icioma
1138 1265 1228 1329 (1666.

231 1378 378 1443 similiter
392 1378 446 1442 fol.
462 1376 646 1441 leo-185.
662 1376 847 1439 139-193.
859 1374 998 1437 medinm
1008 1372 1121 1437 folium
1133 1375 1174 1438 32
1186 1372 1380 1456 perforatum

229 1488 287 1559 est,
297 1485 544 1548 ut10uersuum
556 1482 588 1545 in
603 1483 737 1562 utraque
748 1501 819 1564 pag.
831 1480 928 1543 denae
943 1481 995 1543 uel
1012 1498 1106 1544 senae
1117 1480 1242 1543 litterae
1257 1478 1380 1543 mediae

230 1590 333 1655 desint
347 1591 436 1673 (185,
453 1592 472 1653 3
490 1590 634 1653 erit-ll
648 1589 907 1667 prroerentionnet
920 1588 994 1661 186,
1007 1586 1258 1650 71666166-15
1274 1583 1379 1667 6666).

274 1697 310 1761 16
334 1695 394 1759 1166
418 1694 657 1779 capitulationis
682 1695 719 1758 ab
745 1694 856 1757 eadem
878 1711 974 1756 mann
999 1710 1061 1774 qua
1089 1696 1194 1757 cetera
1226 1691 1381 1774 scriptum

229 1804 367 1888 legimus
396 1803 529 1867 uerbum
559 1800 744 1866 CONTULI
773 1804 845 1865 aute
879 1802 994 1865 librum
1028 1800 1203 1864 secundnm
1234 1802 1300 1883 (80,
1336 1800 1379 1883 7).

232 1909 417 1974 emendatus
451 1913 557 1973 autem
592 1908 688 1972 codex
720 1907 857 1989 primum
890 1912 939 1971 est
971 1907 1009 1970 ab
1047 1906 1117 1988 ipso
1152 1906 1293 1980 librario,
1327 1904 1381 1986 qni

230 2016 364 2079 omissas
384 2033 480 2079 noces
500 2016 553 2078 uel
571 2014 694 2077 litteras
715 2032 811 2096 snpra
824 2031 955 2077 uersum
974 2011 1095 2077 addidit
1113 2013 1165 2075 uel
1186 2010 1381 2075 abundantes

229 2122 352 2186 litttt·e1as
381 2128 479 2203 punct
480 2122 507 2185 is
537 2139 633 2203 snpra
660 2120 746 2203 posit
747 2119 774 2183 16
733 2120 925 2184 tdeleuit
951 2121 1004 2184 uel
1032 2118 1126 2183 aliam
1153 2118 1293 2182 litteram
1325 2137 1380 2199 pro

231 2257 292 2320 alie
313 2274 409 2338 supra
433 2256 571 2375 serppsit,
596 2254 686 2319 uelut
672 2256 791 2318 terreni
826 2256 880 2324 25
906 2214 1380 2329 16;6166629,13;6666

231 2349 1308 2469 29,18;666“1666124,14;661666616666621,11;166
1327 2387 1379 2465 33,

231 2524 267 2598 ὃς
289 2500 503 2603 6666666666
523 2524 575 2603 20,
597 2526 632 2597 5;
657 2500 908 2585 annotationem
931 2522 959 2606 (e
978 2541 1014 2586 ex
1033 2522 1046 2582 i
1063 2521 1145 2585 iuter
1163 2520 1378 2603 scribendum)

230 2630 303 2709 367,
337 2632 389 2695 25.
423 2633 586 2711 praeterea
619 2630 769 2711 quattuor
802 2628 1020 2693 emendatores
1052 2628 1133 2692 liber
1164 2646 1280 2710 passus
1308 2645 1378 2690 esse

229 2736 358 2800 uidetur
380 2737 447 2819 (qni
472 2735 630 2817 quomodo
655 2734 737 2801 alius
761 2734 859 2799 alium
884 2736 1042 2815 exceperit
1064 2734 1156 2798 facile
1176 2732 1380 2816 cognoscitur

229 2843 283 2908 fol.
307 2842 381 2923 137,
409 2844 448 2907 12
469 2847 501 2907 et
523 2844 573 2919 13,
598 2842 653 2906 ubi
672 2862 790 2923 ponere
808 2842 840 2905 in
862 2839 1049 2921 respondero
1066 2843 1219 2915 mutatur,
1239 2842 1272 2904 et
1292 2834 1376 2917 179’,

231 2950 283 3024 15,
311 2950 367 3013 661
395 2948 642 3013 consedendum
670 2947 862 3033 corrigitur),
890 2966 1024 3031 qnorum
1052 2947 1174 3028 primus
1202 2948 1377 3009 atramento

231 3054 348 3138 pallido
373 3072 474 3138 panea
499 3056 653 3138 quaedam
681 3054 796 3119 menda
824 3055 968 3131 sustulit,
992 3053 1116 3118 litteras
1145 3052 1296 3117 enanidas
1324 3052 1379 3117 uel

230 3160 408 3225 timiditate
420 3160 607 3244 deprauatas
627 3161 779 3235 restituit,
804 3159 970 3225 uocabulis
993 3160 1026 3223 16
1045 3160 1106 3223 fine
1130 3178 1282 3224 uersuum
1307 3157 1379 3221 diri·

231 3266 352 3331 mendis
378 3268 472 3332 aliam
497 3288 603 3332 curam
624 3268 778 3343 adhibuit,
803 3270 884 3331 alter
905 3268 1033 3350 saepius
1052 3285 1166 3331 uersus
1185 3264 1379 3329 aberratione

232 3372 394 3437 oculorum
420 3373 557 3439 omissos
580 3373 785 3438 interlineas
809 3375 863 3438 nel
883 3374 916 3438 in
939 3374 1081 3457 margine
1105 3371 1235 3450 addidit,
1263 3372 1379 3435 tertius

230 3480 319 3562 nigro
357 3482 531 3545 atramento
564 3481 667 3544 multa
698 3479 779 3544 uitia
810 3481 840 3544 16
874 3479 1028 3545 deteriora
1064 3478 1214 3543 mutauit.
1247 3480 1379 3559 quartus

231 3577 449 3651 adnotationes
476 3586 509 3650 in
533 3588 673 3669 margine
697 3586 857 3668 apposuit,
886 3589 923 3650 ut
945 3585 986 3649 ad
1011 3587 1110 3662 locos,
1140 3603 1221 3667 quos
1249 3582 1378 3648 maioris

230 3693 384 3757 momenti
412 3711 482 3757 esse
516 3699 668 3770 censeret,
701 3692 877 3775 legentium
911 3693 1032 3757 animos
1065 3690 1255 3766 adnecteret,
1288 3689 1380 3753 uelut

231 3789 280 3876 Ν,
304 3818 344 3881 qr,
375 3798 415 3863 ad
451 3800 539 3863 locos
572 3798 811 3881 euangeliorum
844 3799 966 3864 adlatos
1002 3784 1131 3865 nomina
1167 3798 1380 3881 euangelista-

231 3924 301 3969 rnm
333 3905 365 3968 16
394 3906 536 3990 margine
564 3906 729 3971 adnotauit
757 3907 810 3970 uel
843 3907 920 3971 alias
954 3910 1045 3970 notes
1074 3904 1246 3988 adscripsit
1278 3908 1313 3967 ut
1341 3904 1380 3967 de

225 4010 403 4093 6661666666
431 4016 458 4074 et
486 4016 614 4090 socrate,
641 4012 849 4095 sinpednrdcr
880 4013 1124 4075 iroocidissinaanc
1152 4014 1378 4093 6666666666,
1449 4083 1456 4102 ¹

225 4138 423 4199 parasceuen
446 4118 522 4203 6666
544 4121 595 4184 sii.
624 4119 686 4183 iam
716 4139 796 4203 quae
825 4120 868 4183 sit
893 4119 1016 4184 indoles
1045 4138 1082 4183 ac
1110 4117 1253 4182 condicio
1281 4116 1378 4180 huius

230 4224 314 4301 libri,
347 4225 457 4308 paucis
496 4244 656 4309 erponem.
692 4246 728 4291 66
757 4226 896 4308 primum
934 4225 1061 4308 quidem
1098 4225 1247 4289 librarius
1285 4241 1378 4305 saepe
