3100 4967
252 338 315 400 154
602 331 630 388 S.
657 330 795 386 Aureli
824 329 1043 401 Augustini

179 525 222 591 53
290 527 392 594 ΧΧΠ.
417 527 569 611 Sequitur
591 547 666 613 ergo
690 527 854 594 Mattheus
879 527 1000 593 dicens:
1032 526 1233 610 ¹⁶uespere
1262 527 1395 591 eutem

245 637 356 702 facte
398 638 642 721 optulerunt
682 636 718 702 ei
763 637 916 702 multos
963 635 1149 700 demonia
1194 634 1395 700 habentes

246 749 286 808 et
309 743 490 808 eiciebat
513 743 692 827 spiritus
715 742 839 808 uerbo
865 745 904 808 et
922 761 1055 808 omnes
1074 742 1177 806 male
1196 740 1394 807 habentes

246 851 421 929 curauit,
455 849 527 916 ¹⁷ut
560 850 857 932 adimpleretur
893 849 998 932 qued
1035 849 1190 915 dictum
1228 849 1291 913 est
1327 867 1397 931 per
1532 842 1533 934 l

244 958 405 1022 Esaiam
446 957 686 1041 prophetam
729 955 945 1023 dicentem:
988 955 1075 1040 ipse
1116 953 1436 1020 infirmitatese
1532 937 1533 996 ³

245 1068 408 1130 nostras
437 1064 601 1148 accepit
628 1068 668 1130 et
697 1063 1007 1149 aegrotationes
1036 1062 1232 1147 portauit.
1261 1061 1322 1126 boc
1355 1060 1395 1125 ad

244 1170 387 1237 eiusdem
416 1171 480 1236 diei
510 1173 638 1255 tempus
674 1171 830 1255 pertinere
863 1171 941 1236 satis
969 1169 1098 1250 indicat,
1127 1188 1200 1234 cum
1231 1169 1396 1254 coniungit

245 1297 417 1361 uespere
444 1283 577 1344 autem
605 1280 727 1344 facte.
751 1278 799 1343 sic
822 1281 854 1344 et
877 1277 1016 1360 Marcus,
1040 1295 1113 1341 cum
1141 1276 1180 1342 de
1206 1276 1278 1358 ipsa
1300 1295 1394 1341 socru

244 1385 331 1450 Petri
354 1389 464 1451 sanata
486 1385 619 1450 dixisset
646 1383 716 1451 ³¹et
737 1384 1003 1450 ministrabat
1026 1384 1096 1463 eis,
1120 1383 1181 1449 boc
1208 1384 1292 1448 idem
1320 1382 1394 1448 sub·

242 1491 333 1557 iecit:
367 1492 569 1576 ³¹uespere
602 1495 736 1558 autem
774 1493 886 1558 facte
924 1510 1010 1557 cum
1053 1490 1283 1556 occidisset
1320 1491 1437 1569 solu

243 1599 476 1665 afferebant
512 1599 558 1663 ad
598 1619 684 1665 eum
728 1619 863 1665 omnes
895 1601 998 1666 male
1030 1599 1228 1665 hebentes
1261 1601 1301 1663 et
1335 1598 1393 1664 de·

242 1706 374 1770 monia
392 1705 600 1785 habentes,
622 1704 690 1772 ³³et
707 1711 796 1772 erat
819 1707 947 1772 omnis
967 1706 1121 1772 ciuitas
1141 1710 1394 1790 congregata

243 1810 290 1876 ad
325 1812 496 1878 ianuam.
539 1811 609 1877 ¹¹⁴et
644 1813 808 1878 curauit
844 1813 994 1878 multos
1033 1813 1101 1896 qui
1136 1811 1392 1878 uexabantur

242 1918 373 1984 uariis
419 1918 690 2003 languoribus
737 1923 777 1984 et
818 1919 1004 1986 demonia
1043 1919 1173 1985 multa
1210 1918 1392 1984 eiciebat

243 2028 282 2088 et
314 2045 389 2092 nen
421 2026 585 2091 sinebat
615 2045 660 2090 ea
691 2026 815 2109 loqui,
850 2025 1037 2109 quoniam
1071 2025 1258 2091 sciebant
1291 2041 1434 2091 sumu
1535 2067 1536 2076 η

243 2129 313 2197 ³⁵et
353 2132 541 2198 diluculo
582 2133 703 2198 ualde
745 2152 918 2218 surgens
961 2151 1155 2218 egressus
1201 2132 1306 2197 abiit
1352 2133 1391 2197 in

243 2237 450 2305 desertum
471 2239 615 2305 locum.
639 2239 767 2306 uidetur
789 2239 842 2306 bic
866 2239 1006 2306 ordinem
1028 2240 1172 2306 tenuisse
1192 2239 1330 2317 Marcus,
1354 2243 1392 2304 ut

242 2349 317 2428 post
338 2346 420 2411 illud
443 2346 529 2429 qued
551 2345 674 2412 dictum
702 2351 753 2412 est
778 2367 948 2430 uespere
976 2350 1108 2412 autem
1136 2349 1247 2412 facto
1279 2346 1389 2413 deinde

243 2451 363 2519 diceret
394 2457 433 2518 et
464 2452 651 2519 diluculo
684 2453 805 2520 ualde
834 2473 1016 2540 surgens.
1046 2453 1193 2538 quamuis
1222 2471 1280 2520 nec
1306 2453 1387 2518 illud

242 2579 372 2625 necesse
396 2561 449 2636 sit,
468 2559 524 2625 ubi
550 2561 665 2627 dicitur
682 2566 826 2644 ‘uespere
845 2561 950 2640 facte,
969 2560 1112 2626 eiusdem
1131 2560 1194 2626 diei
1218 2579 1387 2643 uesperum
1404 2578 1430 2618 m

242 2666 394 2750 accipere,
414 2685 473 2732 nec
493 2667 549 2731 ubi
570 2667 686 2733 dicitur
709 2667 885 2744 ‘diluculc‘,
909 2667 1052 2734 eiusdem
1073 2668 1176 2732 noctis
1198 2667 1385 2746 diluculum,

241 2774 346 2837 tamen
368 2775 543 2855 utcumque
566 2773 667 2837 uideri
690 2777 798 2857 potest
824 2774 877 2839 hic
903 2793 1008 2839 rerum
1038 2777 1201 2857 gestarum
1224 2775 1300 2838 crdo
1324 2793 1386 2839 ser·

240 2883 336 2944 uatus
368 2883 496 2962 propter
527 2880 688 2964 digestum
720 2881 860 2947 ordinem
892 2885 1081 2964 temporum.
1113 2880 1217 2946 Lucas
1251 2900 1384 2964 quoque,

241 3005 315 3052 cum
342 2986 382 3052 de
410 3005 502 3052 socru
529 2987 616 3052 Petri
642 2991 812 3067 narrasset,
841 3007 901 3053 nen
929 2988 974 3052 ait
1001 2988 1071 3070 ipse
1103 2992 1247 3071 ‘uespere
1278 2991 1385 3051 autem

331 3233 344 3286 l
366 3229 481 3286 *natm
500 3231 526 3299 8,
546 3232 627 3286 lbet
647 3231 679 3285 l'l
733 3230 841 3284 annai.
861 3231 904 3299 53,
923 3232 940 3285 4
995 3231 1011 3285 9
1030 3229 1113 3285 Marc.
1135 3231 1158 3298 1,
1177 3229 1284 3286 32-35

276 3355 439 3426 deiciebat]
458 3355 524 3412 add.
543 3372 575 3409 eu
592 3355 660 3410 Em
694 3355 838 3410 tcurabit
855 3357 883 3410 Β
936 3355 1096 3426 impleretur
1118 3353 1150 3420 V,
1169 3354 1386 3426 adimpleatury

240 3442 355 3514 dictum]
375 3444 506 3514 scriptum
522 3445 561 3498 M
630 3447 647 3498 5
665 3446 766 3498 eseiam
784 3445 820 3507 Β,
840 3445 935 3498 isaiam
953 3443 980 3497 L
1047 3445 1063 3498 6
1082 3444 1297 3514 aegrotationes]
1319 3443 1385 3498 add.

239 3537 347 3587 ncstm
364 3532 395 3588 D
415 3532 568 3602 Qruelc
614 3534 803 3604 lconiuugit]
823 3532 965 3602 subiungit
987 3533 1014 3586 V
1056 3533 1087 3586 ll
1109 3531 1294 3603 efferebanty
1358 3535 1386 3586 et

240 3621 265 3676 d.
284 3621 417 3676 habentes
435 3639 486 3678 om.
504 3622 543 3676 Μ
558 3621 673 3677 AELU
724 3623 757 3676 12
776 3639 868 3678 omnes
889 3621 951 3676 0¹1³
1004 3622 1037 3676 13
1057 3620 1102 3692 ad]
1123 3619 1235 3676 anteV
1305 3637 1385 3676 uexe-

238 3710 395 3766 banturM
443 3711 724 3782 nummulariis
745 3712 848 3782 ΤΕγ
920 3712 1077 3766 multacm.
1095 3709 1240 3780 Ambus
1287 3711 1321 3765 16
1340 3709 1386 3765 de·

238 3799 329 3854 luculo
351 3799 413 3855 0¹1³
518 3817 643 3870 egressus
665 3799 780 3855 BRTD
801 3799 865 3854 0²?
882 3800 949 3855 ΝΜ
964 3819 998 3872 κχ
1015 3817 1066 3870 qv,
1089 3817 1214 3869 egressus
1233 3803 1262 3854 et
1281 3799 1345 3854 0¹1>
1364 3798 1388 3855 0

238 3889 322 3957 (Ocu.
341 3889 414 3959 Ec),
433 3906 557 3960 egressus
577 3893 619 3944 est
638 3892 666 3944 et
683 3888 737 3959 FQ
754 3889 901 3944 HAELU
915 3891 952 3960 rb
965 3890 1118 3958 practer
1136 3888 1233 3960 (mc),
1252 3892 1294 3944 eet
1314 3892 1343 3944 et
1359 3890 1386 3958 ψ,

240 3991 292 4032 om.
312 3998 334 4029 ω
353 3976 477 4050 (ἐξῆλθεν
495 3977 548 4042 καὶ)
640 3980 672 4033 17
692 3978 748 4047 bic]
768 3979 874 4033 huncr
959 3979 993 4033 18
1011 3979 1085 4049 post]
1105 3978 1195 4048 possit
1212 3977 1240 4032 B
1262 3975 1387 4046 ONMQ

241 4067 274 4121 19
294 4066 386 4135 ualde]
405 4066 471 4121 cdd.
492 4067 525 4122 de
542 4068 571 4120 B
642 4067 752 4137 quasuis
771 4067 839 4121 ElL
923 4067 958 4122 20
977 4068 1024 4136 sit]
1045 4070 1087 4122 est
1105 4065 1191 4122 BRT
1260 4067 1384 4136 uespere]

240 4155 307 4212 edd.
327 4172 343 4209 a
361 4155 436 4224 Em,
456 4155 522 4211 add.
541 4159 631 4211 autern
653 4155 729 4210 CPV
747 4153 848 4210 Ham
864 4157 901 4224 rb
920 4155 979 4210 cdd.
1084 4153 1129 4210 die
1146 4155 1175 4209 Β
1264 4155 1297 4208 21
1318 4153 1384 4209 dicit

240 4243 321 4298 ΔΕΒ
375 4246 410 4300 22
429 4244 553 4300 serbatue
572 4244 612 4299 Β1
664 4245 701 4298 24
719 4261 795 4298 sucro
814 4243 841 4298 B
862 4244 923 4298 0¹1>
994 4249 1085 4298 autem
1103 4259 1155 4298 om.
1174 4243 1202 4296 Β
