3100 4967
216 352 257 393 ue
283 356 383 393 cons.
408 340 752 409 euangelistaruru
775 340 825 396 lib,
843 340 880 395 II.
899 358 957 411 cap.
976 339 1149 397 LXI-LXII
1191 346 1255 408 223

116 534 238 599 eundem
273 536 413 601 ordinem
447 539 569 601 tenens.
604 556 678 602 sano
711 537 886 602 uidendum
919 541 978 615 est,
1011 558 1050 603 ne
1082 557 1256 623 repugnare

115 643 252 709 uideatur
289 644 373 727 quod
414 644 499 709 idem
536 644 664 709 Morcus
703 664 720 709 a
758 644 884 709 domino
927 645 1006 709 dicit
1047 646 1257 729 interrogatos

115 750 303 829 Pharisaeos,
327 750 403 833 quid
427 751 473 815 eis
492 751 621 835 Moyses
645 752 850 835 praeceperit,
871 752 974 834 adque
996 752 1045 815 ita
1065 752 1140 817 illos
1163 752 1256 815 inter-

116 856 228 940 roganti
264 856 467 938 respondisse
505 858 542 921 de
579 858 735 941 permisso
774 858 835 923 sibi
873 858 983 923 libello
1016 858 1151 941 repudii,
1184 877 1257 923 oum

95 964 269 1028 sMattheus
302 963 416 1027 dixerit
447 964 553 1029 uerbis
587 965 715 1043 domini,
750 966 868 1048 quibus
906 965 1087 1030 ostenderet
1120 984 1156 1030 ex
1187 965 1258 1049 lege

119 1070 200 1135 deum
224 1070 426 1136 coniunxisse
450 1072 629 1136 masculum
649 1076 681 1136 et
705 1072 855 1137 feminam
880 1075 911 1136 et
930 1076 1096 1155 propterea
1118 1091 1178 1137 non
1203 1090 1258 1138 eos

119 1176 217 1241 debore
249 1161 448 1242 ab'homine
485 1179 632 1260 separari,
666 1180 829 1243 rettulisse
866 1180 1116 1262 responsionem:
1156 1176 1259 1261 'quid

120 1302 195 1367 ergo
239 1283 390 1367 Moyses
437 1284 631 1349 mandauit
677 1285 756 1349 dari
803 1285 980 1350 libellum
1026 1286 1176 1369 repudii
1222 1288 1260 1350 et

120 1390 323 1457 dimittere?
347 1392 463 1474 quibus
487 1392 601 1456 iterum
623 1392 681 1457 ait:
708 1392 895 1475 ⁸quoniam
920 1393 1070 1476 Moyses
1096 1391 1139 1456 ad
1163 1391 1258 1456 duri-

85 1497 198 1561 ntiam
232 1498 356 1563 cordis
389 1499 510 1562 uestri
542 1498 717 1581 permisit
748 1498 859 1565 uobis
894 1498 1088 1563 dimittere
1125 1517 1258 1563 uxores

119 1608 273 1669 uestras:
302 1605 345 1669 ab
374 1604 486 1669 initio
518 1607 642 1669 antem
670 1624 739 1669 non
770 1605 825 1669 sio
853 1604 937 1669 fuit.
970 1624 1044 1669 nam
1072 1609 1104 1669 et
1130 1604 1258 1669 Marcus

119 1710 187 1775 hanc
224 1710 343 1776 domini
377 1712 614 1793 responsionem
653 1732 713 1777 non
756 1714 852 1788 tacet,
890 1712 946 1775 sed
981 1715 1191 1794 posteaquam
1230 1711 1259 1775 ei

119 1817 338 1899 responderunt
360 1817 565 1901 interroganti
590 1817 627 1881 de
650 1816 760 1881 libello
785 1817 920 1899 repudii.

155 1925 188 1989 ln
212 1943 274 2007 quo
299 1924 407 1989 ordine
431 1924 485 1987 uel
508 1924 602 1988 modo
626 1924 798 1988 uerborum
822 1923 883 1988 hoc
902 1923 1088 2007 intellegere
1107 1922 1259 1987 debemus
1285 1925 1346 1988 121

86 2030 216 2095 111111
243 2031 413 2095 ueritatem
441 2030 521 2095 nihil
547 2030 712 2109 interesse,
737 2036 845 2095 utrum
874 2030 1001 2095 domino
1030 2030 1258 2113 separationem

120 2136 287 2219 prohibenti
311 2140 345 2202 et
368 2137 557 2201 sententiam
581 2156 672 2201 suam
697 2138 735 2201 de
758 2137 829 2220 lege
853 2137 990 2201 firmanti
1013 2136 1076 2219 ipsi
1095 2135 1261 2201 intulerint

121 2244 327 2324 quaestionem
346 2244 390 2308 de
412 2243 522 2307 libello
551 2243 674 2326 repudii
702 2263 759 2326 per
783 2244 917 2308 eundem
940 2244 1074 2325 Moysen
1103 2242 1166 2307 sibi
1192 2262 1260 2324 per-

120 2352 218 2430 misso,
242 2372 298 2437 per
322 2370 416 2435 quam
441 2354 474 2415 at
496 2350 577 2415 illud
601 2352 756 2433 scriptum
781 2356 830 2416 est
854 2351 938 2433 quod
963 2351 1041 2414 dens
1066 2350 1261 2415 coniunxerit

120 2459 287 2523 masculum
316 2466 348 2523 et
374 2458 597 2533 seminamur
626 2458 685 2521 hoc
714 2457 799 2521 idem
828 2458 877 2523 illi
901 2457 939 2521 de
963 2461 1130 2539 praecepto
1154 2456 1260 2540 Moysi

87 2577 167 2628 ueos
196 2564 403 2649 interroganti
435 2563 660 2646 responderint.
694 2583 766 2628 nam
801 2568 833 2628 et
864 2564 1014 2630 uoluntas
1048 2564 1116 2629 eius
1149 2564 1194 2627 ita
1226 2582 1260 2628 se

121 2670 256 2751 habebat,
290 2675 327 2736 ut
362 2690 423 2736 non
461 2670 507 2735 eis
544 2670 689 2735 redderet
725 2670 890 2745 rationem,
924 2689 979 2734 cur
1014 2669 1096 2734 illud
1132 2670 1261 2753 Moyses

122 2778 301 2859 permiserit,
321 2778 384 2842 nisi
407 2778 495 2860 prins
519 2776 582 2859 ipsi
600 2778 661 2841 hoc
681 2780 993 2853 commemorassent,
1014 2795 1093 2858 quae
1112 2776 1261 2841 noluntas

124 2884 183 2947 eius
205 2904 240 2949 ea
263 2904 358 2968 qnam
382 2884 511 2949 Marcus
535 2883 645 2965 posuit
667 2882 913 2965 interrogatione
937 2883 1117 2966 significata
1140 2889 1200 2960 est,
1231 2889 1264 2947 et

124 2989 237 3055 illorum
261 2991 413 3056 uoluntas
437 2991 508 3071 ipsa
532 2993 609 3066 erat,
633 2993 669 3054 ut
693 2988 731 3053 do
760 2990 949 3054 auctoritate
973 2989 1088 3072 Moysi,
1113 2990 1262 3072 quoniam

90 3108 110 3147 ²⁵
124 3097 275 3163 mandauit
302 3098 369 3162 dari
397 3097 540 3161 libellum
573 3096 708 3180 repudii,
736 3099 899 3179 tamquam
933 3095 1158 3160 concluderent
1190 3116 1262 3161 enm

125 3204 343 3284 separationem
372 3203 440 3267 sine
469 3202 565 3266 dubio
595 3203 793 3266 uetaturum:
822 3200 882 3265 hoo
911 3201 994 3264 enim
1024 3200 1140 3264 dicturi
1168 3201 1263 3264 etiam

202 3464 217 3517 3
236 3462 269 3516 cf.
291 3462 359 3517 Gen.
380 3462 403 3529 1,
423 3462 470 3523 27;
490 3460 571 3516 Dent.
591 3462 634 3524 24,
656 3462 668 3513 1
754 3462 768 3513 i
789 3460 903 3515 *uacui
925 3461 966 3515 19.
986 3461 1001 3512 7
1022 3463 1050 3513 et
1069 3459 1085 3512 8
1174 3459 1208 3512 18
1228 3459 1261 3516 cf.

127 3546 183 3603 Gen.
201 3551 225 3618 2,
245 3552 279 3605 24

156 3711 170 3763 3
192 3714 366 3781 praeceperet
391 3708 433 3772 0¹,
457 3714 548 3778 -ratp
657 3711 674 3762 4
698 3708 885 3778 respondisset
911 3709 972 3762 C¹P
1062 3725 1120 3761 cnrn
1144 3724 1195 3762 om.
1218 3707 1266 3759 GP

129 3797 274 3854 lcttulisse
293 3798 421 3853 HAE¹L
438 3816 463 3867 p,
487 3798 549 3851 illos
572 3799 698 3851 retulisse
722 3798 748 3851 V
760 3816 782 3866 p
794 3798 839 3850 lm
946 3798 1150 3867 responsionem
1168 3812 1220 3850 om.
1239 3796 1265 3848 L

129 3886 311 3943 tmanduanit
329 3887 357 3940 B
434 3886 498 3939 dare
522 3885 606 3953 Tpo
626 3885 737 3951 (δοῦναι)
799 3884 941 3938 9duriam
959 3885 997 3939 Βι
1069 3885 1098 3937 11
1119 3883 1174 3938 fuit
1192 3885 1265 3936 sico

129 3988 178 4028 nam
196 3978 292 4031 orn.B
349 3976 382 4029 12
403 3976 497 4029 elom.
518 3974 545 4028 B
602 3974 634 4028 13
654 3975 853 4042 interrogatip
924 3973 1020 4027 linello
1039 3973 1080 4025 Bt
1129 3974 1162 4025 15
1183 3974 1264 4025 inter·

130 4066 201 4118 esseni
218 4066 245 4119 B
314 4066 347 4119 17
366 4081 458 4134 moyse
477 4064 513 4128 B,
533 4081 602 4117 -sem
622 4080 635 4117 e
705 4064 737 4115 18
758 4063 897 4116 coniunxit
910 4079 982 4132 ppr
1055 4063 1087 4115 21
1108 4059 1220 4114 reddere
1238 4060 1266 4112 B

131 4153 250 4220 corleum
270 4156 297 4209 B
387 4156 421 4207 25
442 4152 505 4207 dare
528 4152 608 4206 GPV
624 4154 680 4224 ψρ
753 4152 935 4205 concluserint
948 4169 970 4220 p
1061 4151 1095 4204 26
1115 4150 1265 4203 uetiturnm

131 4236 230 4313 N‘E’y
