3100 4967
310 298 374 359 206
666 294 692 347 S.
722 293 858 347 Aureli
885 262 1104 362 Augustini

308 491 365 551 est
388 506 500 551 uerum
524 488 630 551 tamen
655 487 682 551 ei
706 486 788 551 alins
813 486 852 551 de
871 486 1102 569 quinquagenis
1121 488 1248 549 tanturn
1267 504 1442 549 commemo·

306 598 399 671 naret,
434 594 515 657 alius
549 598 671 657 tantum
706 592 744 657 do
778 593 929 668 centenis,
962 593 1055 656 ualde
1087 592 1250 656 uideretur
1282 611 1351 656 esse
1380 610 1442 655 oon-

306 702 451 775 trarium3
476 720 533 764 nec
557 700 647 763 facile
672 700 888 764 dinosceretur
910 703 1082 781 utrumqne
1107 700 1229 764 dictum
1253 718 1441 777 esseorum

307 812 415 871 autern
443 807 481 871 ab
505 808 614 881 altero,
644 807 778 871 alterurn
806 807 845 870 ab
874 808 972 871 altero
1001 826 1071 869 esse
1099 810 1389 870 commemoratum:
1415 815 1442 869 et

306 919 409 978 tamen
421 914 827 979 adtentiusoonsideratnm
836 913 971 977 inueniri
982 913 1131 977 debuisse
1142 913 1213 993 quis
1228 931 1289 977 non
1299 914 1442 976 fateatur?
1469 937 1480 973 s

306 1020 365 1084 hoc
384 1021 454 1084 ideo
475 1020 549 1098 diri,
569 1021 643 1102 quia
662 1021 801 1085 existunt
819 1039 914 1102 saepe
933 1021 1040 1102 aliqua
1058 1019 1226 1095 eiusmodi,
1247 1038 1327 1101 qnae
1343 1039 1441 1102 pamm

306 1125 543 1191 intendentibus
577 1131 608 1189 et
639 1129 757 1190 temere
790 1125 1006 1190 indicantibus
1040 1125 1195 1190 contraria
1227 1125 1389 1189 uideantur
1416 1132 1444 1188 et

306 1252 366 1297 non
391 1234 465 1299 sint.

239 1339 281 1401 99
349 1340 477 1404 XLVH.
507 1340 659 1422 Sequitur
686 1338 850 1403 Mattheus
879 1343 912 1403 et
941 1339 1033 1403 dicit:
1063 1338 1129 1403 ²³et
1157 1338 1315 1403 dimissa
1345 1338 1442 1402 turba

307 1446 480 1511 ascendit
502 1447 537 1510 in
563 1451 726 1511 montem
751 1446 856 1510 solus
881 1464 995 1512 orere.
1025 1464 1184 1526 uespere
1207 1449 1330 1511 autem
1352 1446 1441 1510 facto
1458 1470 1479 1507 n

306 1553 411 1615 solus
436 1556 516 1616 erat
538 1552 601 1617 ibi.
631 1552 839 1616 ²⁴nauicula
869 1556 993 1616 autem
1018 1552 1053 1615 in
1077 1552 1198 1616 medio
1223 1554 1315 1616 mari
1341 1552 1442 1615 iacta·

304 1660 417 1723 hatur
439 1659 637 1723 fluctibus.
663 1660 862 1723 eratenim
888 1659 1101 1723 contrarius
1121 1664 1269 1723 rientus.
1295 1658 1442 1740 ”quarto

306 1769 429 1829 autem
467 1766 607 1849 uigilia
639 1765 762 1830 noctis
797 1766 901 1828 uenit
935 1764 977 1829 ad
1011 1784 1073 1830 eos
1107 1765 1304 1830 ambulans
1341 1784 1442 1847 supra

304 1892 414 1935 mare.
457 1871 522 1935 ²⁶et
563 1871 740 1935 uidentes
784 1892 863 1935 eum
907 1890 1022 1953 supra
1061 1890 1159 1959 marc
1201 1872 1441 1935 ambulantem

304 1978 449 2042 turbati
480 1983 570 2042 sunt
599 1978 785 2043 dicentes:
819 1980 907 2061 quie
938 1978 1162 2060 phantasma
1193 1981 1260 2055 est,
1290 1982 1322 2042 et
1349 1983 1477 2041 ceteras

304 2104 404 2167 usquc
433 2085 471 2149 ad
499 2085 579 2149 illud
608 2086 663 2149 ubi
691 2086 748 2149 uit:
780 2084 993 2149 ³³uenerunt
1021 2089 1058 2149 et
1086 2085 1340 2149 adorauerunt
1370 2103 1440 2147 eum

304 2192 488 2256 dicentes:
512 2211 598 2257 uere
623 2193 732 2257 filius
752 2193 811 2255 dei
835 2212 882 2257 es.
902 2194 1029 2257 Marcus
1050 2210 1175 2275 quoque
1194 2193 1256 2257 hoc
1274 2192 1358 2255 idem
1375 2195 1440 2273 post

303 2302 462 2361 narratum
491 2299 529 2362 de
557 2298 692 2381 panibus
725 2299 863 2381 quinque
896 2299 1086 2363 miraculum
1118 2300 1163 2362 ita
1196 2299 1353 2380 sequitur:
1384 2295 1441 2359 ⁴³et

304 2423 384 2468 cnm
409 2424 490 2469 sero
516 2410 628 2483 esset,
654 2410 734 2470 erat
752 2407 860 2470 nauis
880 2406 914 2469 in
939 2406 1059 2470 medio
1079 2407 1171 2470 mari
1191 2406 1328 2488 etipse
1348 2405 1441 2489 solus

304 2512 339 2575 in
363 2517 471 2576 terra.
495 2512 564 2577 ⁴³et
586 2513 722 2577 uidens
743 2532 806 2577 eos
825 2514 1044 2577 laborantes
1064 2513 1098 2577 in
1119 2512 1348 2595 remigando,
1373 2517 1474 2575 erato

305 2620 399 2683 enim
423 2622 561 2683 uentus
587 2620 798 2684 contrarius
823 2620 888 2697 eis,
912 2624 945 2684 et
968 2624 1081 2688 cetera,
1106 2619 1264 2694 similiter,
1283 2618 1345 2682 nisi
1367 2614 1441 2699 qnod

305 2725 342 2789 de
370 2726 465 2789 Petro
495 2727 676 2791 ambulante
704 2745 800 2808 super
827 2746 925 2808 aquas
952 2727 1032 2817 nihil
1065 2726 1150 2791 dixit.
1183 2726 1244 2791 hoc
1276 2730 1381 2790 autern
1409 2742 1441 2787 ne

304 2835 434 2896 moueat
457 2834 710 2913 praecauendum
735 2836 785 2897 ast
808 2833 892 2915 quod
911 2834 1038 2897 Marone
1063 2833 1141 2897 dixit
1160 2833 1198 2898 de
1218 2833 1356 2909 domino,
1379 2849 1441 2895 enm

394 3094 410 3145 9
429 3092 528 3146 Matth.
552 3092 592 3155 14,
613 3092 718 3145 23—26
812 3093 844 3146 16
863 3092 900 3147 ib.
921 3093 955 3146 33
1048 3093 1081 3146 18
1100 3094 1182 3148 hiare.
1203 3095 1229 3160 6,
1248 3095 1282 3147 47
1303 3098 1330 3149 et
1347 3094 1393 3156 48;
1411 3090 1441 3145 cf.

306 3182 413 3236 47-54

343 3308 354 3359 1
381 3308 613 3374 commemoraret]
640 3305 705 3359 add.
731 3308 759 3358 et
781 3306 816 3367 Β,
842 3308 943 3359 -raseet
965 3307 1002 3359 M
1022 3324 1045 3374 r,
1070 3311 1124 3360 -ret
1142 3306 1176 3361 N
1245 3306 1324 3376 ade]
1342 3306 1369 3359 in
1390 3302 1444 3357 O¹P

305 3394 414 3448 uidetur
432 3396 459 3447 B
545 3396 561 3448 3
581 3394 736 3447 dinoscetur
754 3395 791 3460 B,
810 3394 1015 3463 dignosceretur
1034 3417 1055 3447 ω
1074 3396 1169 3449 reim
1257 3398 1346 3449 utrum
1364 3393 1388 3446 d.
1407 3397 1443 3443 est

305 3484 342 3537 M
407 3486 500 3537 let·
509 3483 707 3537 consideratum
727 3500 778 3540 om.
798 3485 836 3539 12¹
906 3485 1063 3539 sinuenire
1085 3485 1134 3539 ΟΡ
1149 3483 1191 3539 N¹
1264 3479 1441 3538 sshninsmodi

305 3572 425 3642 AELp
495 3590 585 3641 param
604 3571 644 3624 Β1
698 3574 854 3642 itempere
873 3574 913 3627 B¹
962 3576 1092 3628 Senntt
1146 3576 1211 3627 9et
1230 3573 1441 3627 dimissa-orare

306 3662 422 3715 eroe.L
478 3663 510 3715 10
529 3662 669 3715 monteT
723 3664 752 3715 11
774 3663 959 3719 marium.B
1015 3665 1047 3717 12
1066 3666 1165 3733 qnaeta
1182 3663 1220 3716 13¹
1278 3656 1442 3730 resapere

306 3768 375 3805 reo
431 3752 464 3805 14
484 3752 574 3821 supra]
595 3767 675 3820 snper
694 3768 762 3806 rav
819 3755 851 3805 15>
869 3753 1032 3822 phantasma
1051 3754 1080 3821 (h
1099 3770 1132 3807 es
1150 3753 1170 3818 l)
1190 3754 1227 3819 B,
1245 3752 1378 3805 fantasma
1394 3744 1443 3801 BT

310 3842 388 3894 CPV
404 3841 437 3893 N
448 3856 495 3908 pr
552 3842 582 3893 17
604 3842 643 3910 es]
665 3844 707 3895 est
729 3841 1148 3909 TOPn'N1HELzlcolo.)
1227 3842 1440 3911 qnoquelantem

308 3930 402 3983 AE¹L
491 3929 543 3983 hoc
562 3946 613 3983 om.
638 3930 663 3981 V
752 3931 785 3984 18
803 3932 985 3985 narrationem
1004 3932 1030 3984 L
1121 3932 1240 4001 quinque
1260 3930 1373 4000 panibus
1389 3924 1440 3981 edd·

303 4026 449 4088 praetere
505 4020 623 4087 quinque
643 4035 693 4072 om.
713 4020 750 4073 M
803 4024 832 4073 et
848 4036 936 4089 ceap
996 4022 1128 4073 et-mari
1147 4036 1216 4074 erae.
1235 4019 1262 4072 L
1318 4020 1350 4071 19
1368 4012 1439 4079 esset}

309 4109 374 4163 odd.
395 4112 423 4161 et
440 4106 538 4161 Helu
640 4111 675 4163 20
695 4126 740 4162 eos
760 4126 811 4162 orn.
830 4109 866 4163 Μ
967 4111 999 4163 21
1022 4111 1172 4163 contrarius
1190 4111 1289 4163 uentus
1307 4102 1439 4167 Hanc:

307 4199 341 4250 22
361 4198 516 4251 ambulante
536 4199 637 4265 (nnbnl.
658 4198 694 4268 B)
713 4214 794 4267 super
812 4215 896 4267 aquae
915 4198 1035 4267 BRTI),
1059 4214 1141 4267 snper
1163 4214 1206 4267 eq.
1225 4197 1298 4251 amb.
1317 4202 1373 4261 cet„
1389 4188 1439 4245 edd·
