3100 4967
267 331 535 400 Quaestionea
562 332 646 385 siue
674 346 751 401 cap.
778 327 876 384 libri
904 327 941 394 11,
969 327 1075 384 os-rr
1202 332 1244 396 73

314 531 397 593 etate
427 527 491 593 ieta
520 527 649 604 faceret,
679 525 837 609 quomodo
869 525 951 590 inter
981 543 1015 590 se
1048 525 1247 590 consentiant

313 634 369 700 isti
393 638 465 700 tres.

200 740 290 807 LXX.
315 741 363 806 De
395 742 530 820 duobus,
559 741 675 824 quibus
708 739 879 824 imperauIt
905 743 1006 823 peter,
1033 741 1071 803 nt
1101 737 1183 802 irent
1214 735 1246 802 in

315 848 451 925 cineam,
471 851 503 914 et
521 848 561 914 de
578 849 683 926 uinea,
703 865 783 929 quae
802 847 907 912 locata
926 845 1065 912 astutiis
1085 844 1247 930 agricolis,

314 955 473 1039 quomodo
504 975 566 1021 non
599 955 786 1020 aduersetur
816 953 980 1020 Mattheus
1011 951 1077 1018 illis
1110 951 1246 1026 duobus,

314 1082 387 1128 cum
411 1062 528 1144 quibus
552 1062 687 1127 eundem
711 1061 851 1129 ordinem
874 1064 974 1139 tenet,
996 1063 1029 1124 et
1057 1060 1190 1124 maxime
1213 1059 1246 1124 iu

313 1169 373 1234 hac
400 1169 559 1251 parabola,
587 1189 682 1252 quam
710 1186 821 1234 omnes
847 1171 913 1234 tres
941 1166 1052 1232 dicunt
1083 1165 1121 1230 de
1154 1165 1247 1230 uinea

313 1276 428 1352 locata,
452 1279 581 1360 propter
609 1275 848 1360 responsionem
881 1294 989 1340 eorum
1022 1273 1137 1357 quibus
1165 1272 1248 1337 dice·

313 1381 418 1460 batur,
442 1381 498 1447 ubi
520 1382 717 1465 aliquantum
740 1381 869 1447 uidetur
891 1381 1019 1448 uariare.

92 1516 110 1552 a
186 1489 291 1554 LXXI.
316 1489 365 1554 De
382 1490 504 1573 nuptiis
523 1488 581 1554 tilii
598 1489 695 1573 regis,
708 1488 749 1553 ad
762 1507 841 1572 quas
860 1489 972 1554 turbae
990 1487 1142 1554 inuitatae
1162 1488 1247 1563 erant,

316 1616 409 1678 quem
437 1597 601 1662 Mattheus
629 1595 770 1662 ordinem
799 1595 937 1660 tenuerit
962 1598 1090 1679 propter
1117 1595 1246 1672 Lucam,

316 1702 370 1785 qui
392 1703 456 1768 tale
479 1703 630 1786 quiddam
653 1703 731 1767 alibi
753 1703 841 1766 dixit.

175 1808 293 1874 LXXII.
317 1810 365 1874 De
387 1829 518 1876 nummo
542 1809 670 1876 Caesari
693 1808 863 1886 reddendo,
887 1809 980 1874 cuius
1007 1808 1144 1874 habebat
1170 1809 1247 1872 ima·

316 1916 432 1999 qinom,
462 1921 494 1982 et
521 1917 560 1982 de
587 1916 730 1994 muliere,
759 1935 839 1999 qnae
868 1917 991 1998 septem
1017 1913 1169 1981 fratribus
1192 1935 1247 1980 nn·

33 2010 34 2015 ¹
91 2049 110 2088 a
314 2026 432 2106 peccat,
456 2021 723 2108 quemadmodum
746 2026 811 2088 tres
834 2023 890 2088 isti
913 2021 1110 2089 concordent.

79 2127 83 2136 '
161 2128 293 2196 LXXIII.
318 2116 375 2195 De*
400 2130 468 2208 illo,
506 2131 559 2196 cui
600 2129 819 2196 commendata
861 2134 936 2196 sunt
976 2129 1038 2195 duo
1080 2135 1249 2214 praecepta

316 2236 495 2303 dilectionis
519 2237 570 2301 dei
593 2242 627 2301 et
649 2237 791 2321 proximi,
816 2237 871 2319 qui
894 2237 969 2302 ordo
993 2237 1037 2302 sit
1054 2237 1247 2301 narrantium

315 2343 453 2409 Matthei
475 2349 508 2409 et
530 2343 641 2423 Marci,
664 2363 703 2409 ne
722 2363 740 2408 a
759 2345 845 2409 Luca
868 2343 1045 2428 discrepare
1068 2344 1246 2420 uideantur,

33 2534 34 2545 ἵ
314 2449 368 2532 qui
392 2451 456 2514 tale
479 2450 601 2533 aliquid
624 2450 701 2515 alibi
724 2450 810 2516 dicit.

33 2548 34 2579 *
89 2581 108 2618 a
148 2553 295 2620 LXXIIII.
319 2553 410 2635 Quod
437 2556 548 2622 Iudaei
573 2557 807 2641 interrogantur
835 2555 873 2620 de
905 2555 1043 2632 Christo,
1077 2556 1168 2620 cuius
1201 2555 1246 2621 eis

33 2636 34 2687 ἱ
315 2663 402 2728 filins
425 2663 583 2739 uideatur,
607 2666 715 2727 nuum
737 2682 799 2728 non
821 2667 977 2747 repugnet
993 2663 1157 2728 Mattheus
1176 2662 1247 2726 aliis

317 2767 453 2843 duobus,
468 2768 544 2850 quia
557 2767 732 2832 secundum
746 2768 846 2832 istum
863 2767 992 2833 dicitur:
1014 2766 1110 2850 quid
1129 2767 1247 2832 uobis

316 2872 485 2940 uidetur
508 2873 553 2937 de
577 2872 769 2940 Christo?
793 2873 911 2939 cuius
935 2877 999 2938 ost
1026 2873 1170 2938 iilius?
1195 2874 1247 2938 cui

193 3113 227 3165 22
246 3113 360 3168 ²·Matth.
380 3115 424 3176 22,
443 3116 479 3168 42

152 3252 246 3307 linter
262 3271 291 3308 ee
311 3271 362 3309 ora.
382 3255 417 3309 H
503 3257 520 3312 3
539 3255 655 3327 dnobus]
675 3257 741 3313 cdd.
760 3255 824 3311 filiis
848 3257 874 3310 V
888 3275 932 3313 ru
1028 3259 1202 3330 imperauerit
1220 3280 1247 3316 m

123 3338 232 3397 ilocuta
247 3343 296 3412 13¹,
313 3344 431 3414 loquuta
448 3345 482 3399 H
561 3346 663 3415 title]
684 3347 746 3400 aliis
764 3363 808 3402 ru
880 3349 896 3402 6
916 3347 1029 3403 condem
1051 3350 1080 3414 Ο,
1100 3349 1194 3404 eodem
1213 3353 1247 3420 P,

123 3441 164 3478 οη.
179 3429 209 3483 Η
273 3434 346 3488 teuit
367 3434 417 3488 GP
478 3434 581 3490 ‘Ihanc
602 3435 681 3489 OPV
750 3435 906 3506 parabolam
930 3436 956 3490 V
1021 3437 1195 3494 9uideantnr
1217 3441 1248 3510 O,

123 3514 230 3574 ridentur
250 3520 320 3576 VN
333 3521 496 3593 M‘Qprc
567 3525 764 3594 aliquantulum
783 3525 814 3579 F
882 3526 983 3581 uariari
1001 3543 1046 3580 rc
1101 3528 1131 3582 ll
1153 3527 1247 3584 ordine

125 3601 165 3656 GP
224 3611 314 3664 tenuit
326 3627 349 3679 p
404 3612 438 3665 12
456 3613 503 3682 qni
519 3612 577 3667 tale
595 3612 737 3683 quiddam]
756 3613 867 3683 quidam
888 3615 970 3679 OPF,
990 3615 1036 3684 qui
1055 3617 1143 3674 simile
1162 3618 1248 3688 quod·

124 3686 205 3762 damp
308 3697 378 3752 dixit
394 3698 451 3753 BT
470 3700 581 3755 OPVH
591 3717 622 3769 p,
642 3700 709 3755 dicit
727 3708 774 3758 cet.
868 3703 1180 3773 13Lxxl11LXV1111
1202 3707 1250 3760 ΟΡ

124 3784 220 3836 “mne
235 3785 292 3841 M·
347 3786 449 3841 habeat
468 3787 547 3843 OPF
565 3788 619 3844 ΟΝ
634 3807 654 3859 p
697 3792 730 3844 15
749 3791 915 3847 concordant
938 3793 1011 3846 VH
1054 3795 1086 3849 16
1105 3793 1249 3850 LXVIIIII

124 3865 166 3927 {Ill
181 3872 250 3941 cdd.)
269 3876 299 3935 G,
319 3876 391 3930 LXX
408 3877 437 3931 P
530 3879 563 3933 17
582 3877 787 3934 delectioniaC
883 3883 915 3936 18
935 3882 1042 3953 matta]
1062 3886 1092 3936 et
1105 3886 1247 3952 praemitt.

127 3954 167 4008 GP
295 3963 331 4020 ad
348 3965 409 4019 luca
426 3965 455 4020 Β
601 3965 748 4022 uideantur
766 3968 955 4039 discreparep
1075 3973 1107 4026 19
1127 3973 1174 4042 qni
1191 3975 1248 4030 tale

126 4043 211 4114 aliquid
236 4052 301 4107 alibi
329 4053 398 4108 dicit
421 4054 510 4110 ΒΗΤ
533 4056 647 4127 ONMQ
664 4073 716 4125 rc,
740 4059 788 4128 qui
811 4062 831 4112 t.
856 4058 984 4129 quiddam
1007 4076 1032 4114 a.
1057 4060 1082 4114 d.
1107 4061 1138 4130 V,
1162 4064 1248 4132 quit

126 4132 348 4213 atitidicith,
366 4158 418 4198 om.
436 4150 484 4199 oct.
539 4145 575 4200 20
592 4145 679 4200 LXXI
700 4147 749 4200 ΟΡ
806 4147 845 4202 eis
864 4164 916 4202 om.
938 4149 997 4218 φρ
1052 4149 1122 4204 tilius
1142 4151 1249 4207 eieRT

127 4221 154 4273 '22
169 4224 262 4286 dicetur
282 4233 313 4300 0,
332 4231 518 4288 dixeruntra
571 4236 605 4290 23
624 4236 697 4290 tilius
716 4240 758 4291 eet
781 4235 837 4291 Oo
909 4231 1030 4308 cui]'qui
1048 4237 1152 4292 1ch
