3100 4967
262 291 950 361 deconsensueuangelistarumlib.
970 289 1008 344 11.
1028 307 1085 360 cap.
1104 288 1158 343 XlI
1220 293 1281 357 127

141 488 216 554 didit
229 492 373 566 sancto,
389 489 475 554 sicut
490 487 655 553 Mattheus
675 486 754 551 dixit
772 486 809 551 in
826 485 970 569 spiritu
990 487 1120 551 sancto
1141 487 1178 549 et
1190 483 1282 568 igni.

140 596 186 660 bis
207 595 311 661 tribus
335 596 513 660 adtestatur
534 595 689 661 lohannes
713 592 921 677 euangelista,
945 611 1017 656 cum
1041 591 1132 656 dicit:
1154 591 1283 656 Iohan-

139 721 198 767 nes
224 702 489 767 testimonium
516 701 691 784 perhibet
718 699 760 766 de
788 699 871 783 ipso
901 702 937 764 et
969 698 1106 763 elamat
1139 697 1282 763 dicens:

139 810 194 874 hic
218 814 298 874 erat
321 828 428 892 quem
452 809 541 872 dixi:
566 807 630 890 qui
652 810 740 891 post
758 825 814 870 me
838 807 944 871 uenit
967 807 1051 870 ante
1076 823 1130 872 me
1152 804 1282 870 factus

114 919 203 992 reat,
228 915 315 999 quia
336 916 440 999 prior
462 933 518 978 me
549 917 636 979 erat.
665 914 711 978 sic
739 913 824 977 enim
852 912 991 978 ostendit
1018 914 1094 976 tuno
1122 929 1195 976 eum
1223 911 1283 975 hoo

138 1023 261 1100 dixisse,
279 1021 406 1105 quando
430 1040 502 1086 enm
524 1012 573 1086 illi
592 1020 709 1086 dixisse
727 1021 985 1098 commemorant,
1004 1017 1157 1101 repetisse
1176 1021 1283 1082 autem

139 1133 168 1194 et
185 1148 451 1195 commemorasse
470 1127 637 1212 quodiam
656 1127 799 1204 dixisset,
820 1145 892 1192 curm
912 1124 971 1189 ait:
995 1124 1056 1190 hic
1076 1127 1156 1190 erat
1174 1140 1282 1207 quem

139 1236 224 1302 dixi:
249 1237 313 1320 qui
335 1240 423 1318 poet
445 1255 500 1300 me
523 1235 640 1300 uenit.

179 1341 214 1408 Si
244 1361 319 1427 ergo
351 1342 524 1426 quaeritur,
557 1359 637 1424 quae
669 1340 768 1406 uerba
803 1339 911 1422 potius
947 1339 1103 1406 Iohannes
1142 1338 1283 1421 baptista
1306 1336 1347 1401 27

101 1470 123 1509 o
138 1449 255 1527 dixerit,
288 1453 396 1515 utrum
428 1467 509 1531 quae
544 1449 704 1514 Mattheus
737 1466 774 1512 an
809 1466 888 1529 quae
919 1447 1022 1510 Lucas
1055 1465 1128 1510 eum
1165 1445 1281 1510 dixisse

137 1557 362 1623 commemorat
397 1574 436 1620 an
475 1573 554 1637 quae
586 1553 715 1619 Marcus
745 1553 780 1618 in
811 1553 891 1638 ipsis
923 1552 1033 1636 paucis
1071 1570 1152 1635 quac
1188 1551 1281 1616 illum

137 1663 250 1730 dixisse
272 1663 384 1747 posuit
404 1666 513 1728 tacens
536 1665 651 1738 cetera,
670 1661 757 1726 nullo
781 1662 875 1726 modo
894 1661 967 1726 hinc
985 1659 1190 1726 laborandum
1210 1675 1281 1724 esso

137 1770 253 1835 iudicat
272 1771 327 1855 qui
345 1769 516 1854 prudenter
532 1769 691 1854 intellegit
704 1769 790 1852 ipsas
810 1768 983 1835 sententiar
1002 1786 1073 1833 esse
1087 1765 1280 1832 necessarias

138 1876 370 1962 cognoscendae
402 1876 539 1955 ueritati,
572 1875 770 1958 quibuslibet
807 1874 914 1941 uerbis
947 1873 1064 1939 fuerint
1096 1871 1280 1956 explicatae.

101 2005 122 2044 u
138 1985 219 2065 quod
242 1985 327 2049 enim
350 1985 433 2050 alins
457 1983 555 2048 alium
578 1983 746 2048 uerborum
770 1982 911 2047 ordinem
939 1982 1036 2057 tenet,
1061 1999 1122 2045 non
1146 1982 1197 2044 est
1219 1978 1281 2044 uti·

137 2110 195 2172 que
217 2090 418 2157 contrarium.
440 2108 543 2172 neque
560 2090 642 2154 illud
660 2089 853 2154 contrarium
873 2092 931 2165 est,
952 2088 979 2153 si
999 2088 1081 2152 alius
1101 2084 1280 2168 dicitquod

136 2198 214 2262 alins
237 2197 472 2282 praetermittit.
504 2200 541 2263 nt
563 2197 645 2261 enim
670 2196 804 2279 quisquo
828 2196 1015 2260 meminerat
1041 2197 1074 2259 et
1100 2196 1138 2258 ut
1164 2193 1279 2274 cuique

136 2304 218 2370 cordi
246 2309 315 2370 erat
340 2305 394 2368 uel
419 2303 549 2368 breuius
577 2302 631 2368 uel
656 2303 808 2386 prolixius
833 2301 963 2368 eandem
991 2303 1097 2366 tamen
1125 2299 1278 2384 explicare

137 2411 332 2489 sententiam,
354 2410 402 2476 ita
423 2429 478 2476 eos
502 2409 676 2494 explicasse
698 2408 904 2475 manifestum
928 2409 987 2474 est.

98 2537 121 2576 ar
177 2519 218 2583 lit
241 2517 274 2582 in
302 2518 364 2582 hoc
395 2517 475 2582 satia
506 2519 646 2600 apparet,
675 2516 760 2599 quod
793 2516 833 2581 ad
862 2535 929 2581 rem
962 2515 1098 2580 maxime
1129 2513 1276 2596 pertinet,
1300 2516 1344 2581 28

137 2624 280 2704 quoniam
306 2623 435 2688 ueritas
475 2623 634 2708 euangelii
669 2623 766 2689 uerbo
805 2622 865 2701 dei,
899 2621 985 2706 quod
1021 2641 1116 2706 supra
1153 2639 1277 2687 omnem

136 2735 307 2795 creaturam
329 2735 492 2794 aeternum
511 2729 613 2814 adque
635 2729 897 2796 incommutabile
919 2732 1093 2814 permanet,
1116 2746 1172 2812 per
1194 2746 1278 2792 crea·

135 2839 233 2902 turam
269 2836 499 2919 temporalibus
535 2837 635 2921 signis
668 2839 702 2901 et
734 2835 855 2921 linguis
892 2836 1058 2901 hominum
1095 2835 1276 2919 dispensato

136 2961 291 3009 summum
311 2943 437 3008 culmen
456 2943 656 3008 auctoritatis
676 2942 825 3025 optinuit,
844 2960 981 3008 nonnos
1001 2942 1113 3008 debere
1133 2942 1277 3008 arbitrari

99 3070 120 3111 s
136 3050 256 3115 mentiri
280 3069 482 3133 quemquam,
502 3051 530 3116 si
548 3050 694 3134 pluribus
717 3069 795 3130 rem,
815 3069 910 3134 quam
934 3050 1102 3115 andierunt
1119 3050 1172 3116 uel
1190 3049 1277 3116 uide·

220 3310 233 3364 1
253 3308 288 3364 cf.
307 3308 422 3366 Tertull.
441 3310 474 3365 de
492 3311 567 3381 bapt.
589 3311 623 3366 10
640 3310 694 3380 (cd.
713 3312 795 3366 Rern.
814 3315 843 3367 et
860 3311 942 3366 Wiss.
960 3310 975 3365 I
993 3311 1057 3378 210,
1073 3312 1102 3378 4)
1166 3311 1183 3365 2
1202 3311 1276 3368 *Ion

137 3396 159 3463 1,
178 3399 208 3454 15
263 3399 299 3452 15
318 3398 353 3457 cf.
373 3415 396 3454 c.
413 3399 510 3455 Faust.
527 3401 554 3464 3,
574 3402 608 3456 15

168 3573 273 3628 ldicit
294 3573 353 3630 BT
440 3579 470 3629 et
491 3575 549 3645 igni
572 3593 623 3630 om.
646 3575 761 3632 BRTD
850 3575 1014 3630 2iohannis
1036 3577 1070 3630 H
1156 3575 1225 3630 dixit
1247 3575 1278 3632 D

136 3661 230 3733 dipso]
250 3663 294 3717 bia
312 3663 356 3727 M,
374 3681 405 3718 se
421 3664 482 3734 ipso
500 3663 561 3719 ΑΙ]
611 3665 747 3721 clamabat
763 3665 802 3720 M
817 3665 861 3720 ΗἌ
897 3666 983 3720 5lnoe
1000 3665 1212 3720 ooaHAELU
1226 3684 1277 3738 pp

136 3747 222 3822 Bqui]
243 3753 309 3820 qnia
325 3752 365 3805 B²
420 3753 452 3807 11
472 3754 800 3809 commemorat-dixisse
819 3770 870 3809 om.
890 3755 918 3808 B
990 3770 1084 3810 eume
1139 3754 1171 3807 12
1190 3754 1277 3810 hicB

134 3839 272 3911 Aaou,
362 3859 421 3897 esse
443 3859 465 3896 a.
490 3842 507 3896 1.
529 3842 563 3896 H
651 3843 685 3898 14
707 3845 825 3898 ueritate
843 3843 895 3913 H1,
918 3844 1043 3900 ueritatis
1061 3843 1107 3897 H²
1127 3843 1242 3900 AELU
1259 3861 1277 3898 a

137 3927 166 3980 15
183 3929 264 3984 alium
283 3946 334 3984 om.
353 3931 382 3984 R
434 3933 523 4002 team]
542 3931 627 3986 aeB¹
674 3933 706 3987 16
725 3931 801 3987 aliud
820 3933 887 3989 dicit
904 3933 1039 3988 AE¹LU¹
1094 3934 1126 3987 17
1147 3949 1226 4004 queq;
1245 3932 1280 3988 Η

136 4019 164 4069 ut
180 4018 229 4073 ult.
248 4034 300 4073 om.
319 4017 414 4075 A¹EL
432 4038 464 4091 up
536 4022 571 4076 22
590 4039 639 4092 per
657 4022 840 4092 creaturasQ
893 4023 928 4077 23
946 4023 1084 4094 hominiy
1156 4022 1275 4093 dispens.

136 4119 262 4160 summum
281 4123 332 4161 om.
353 4105 378 4176 Q
485 4106 610 4178 diapente
628 4109 665 4172 B,
684 4109 871 4180 dispensatum
891 4109 939 4164 Μ2
955 4109 1015 4166 AU
1102 4109 1136 4166 25
1155 4110 1179 4164 si
1198 4111 1234 4182 pl.
1254 4127 1276 4166 r.

137 4209 210 4261 qnam
228 4211 279 4250 oea.
299 4195 334 4264 B,
352 4197 376 4250 si
394 4196 467 4267 qnod
484 4214 506 4252 a.
526 4198 545 4252 1.
561 4199 652 4268 suppl.
671 4197 712 4252 B²
