3100 4967
213 325 255 380 de
283 341 478 380 consensu
506 325 851 394 euangelistarum
880 325 928 380 lib.
947 324 984 380 II.
1003 343 1060 397 cap.
1079 325 1157 382 XVII
1197 330 1260 394 137

124 522 150 585 in
170 523 341 607 synagogis
361 526 394 586 et
409 521 643 604 praedicantem
667 522 870 606 euangelium
893 526 925 588 et
948 527 1111 589 sanantem
1135 543 1262 589 ornnem

123 629 297 713 languorem
326 631 360 693 et
381 627 525 693 collectis
549 628 590 693 ad
610 629 702 694 illum
725 629 829 694 turbis
853 629 1034 694 ascendisse
1060 629 1092 694 in
1121 633 1262 694 montem

125 741 152 800 et
171 755 264 799 usum
287 735 388 800 fuisse
411 735 466 800 illo
491 754 637 800 sermone
659 737 791 819 prolixo.
821 736 876 801 dat
904 755 978 820 ergo
1005 737 1112 802 locum
1140 737 1262 801 intelle-

124 841 208 924 gendi
230 847 307 909 tunc
329 842 414 908 facta
436 861 506 907 esse
529 861 610 925 quae
632 844 761 908 Marcus
783 848 859 926 post
882 844 1068 910 electionem
1091 843 1262 910 eorundem

98 949 345 1032 sdscipulomm
367 954 482 1027 namet,
506 967 580 1014 cum
608 950 789 1015 circumiret
813 947 987 1015 Galilaeam
1017 952 1050 1015 et
1077 949 1204 1015 doceret
1230 951 1262 1016 in

124 1056 286 1139 synagogis
309 1073 429 1130 eornm,
452 1060 529 1121 tnnc
552 1057 648 1121 etiam
670 1057 710 1122 de
732 1075 825 1122 socru
848 1056 945 1134 Petri,
969 1055 1026 1122 sed
1053 1075 1125 1122 eum
1150 1061 1262 1139 postea

124 1179 380 1228 commemorasse
404 1161 490 1246 quod
511 1164 776 1246 praetermiserat,
796 1164 943 1246 quamuis
966 1183 1028 1228 non
1051 1165 1157 1229 omnia
1174 1183 1261 1247 prae-

122 1267 263 1332 termissa
285 1268 318 1332 in
340 1270 550 1334 narrationem
573 1271 783 1335 renouauerit

161 1373 238 1440 Sane
260 1378 371 1457 potest
393 1395 532 1456 mouere,
555 1377 714 1459 quomodo
737 1377 893 1444 lohannes
918 1378 1003 1442 dicat
1029 1396 1091 1443 non
1120 1377 1151 1442 in
1176 1376 1260 1442 Gali·
1285 1365 1326 1430 37

89 1503 109 1541 ιο
122 1480 193 1557 heu,
229 1482 287 1547 sed
321 1483 409 1547 iuxta
444 1484 597 1549 Iordanen
637 1485 738 1568 primo
780 1485 937 1549 Andrcam
978 1489 1125 1550 secutum
1161 1483 1261 1549 inisse

123 1587 277 1654 dominum
305 1609 376 1655 cum
405 1589 478 1669 alio,
511 1591 604 1656 cuius
630 1611 744 1656 nomen
773 1594 908 1670 tacetur,
933 1589 1044 1656 deinde
1068 1591 1198 1656 Petrum
1222 1590 1260 1654 ab

123 1693 171 1758 illo
189 1715 302 1761 nomeu
320 1697 492 1780 accepisse,
511 1699 605 1764 tertio
619 1697 804 1782 Philippum
824 1702 984 1777 uocatum,
1004 1703 1041 1763 ut
1060 1717 1132 1762 enm
1151 1715 1261 1781 seque·

122 1804 210 1866 retur.
233 1804 331 1868 ceteri
354 1807 461 1869 autem
485 1807 551 1869 tres
569 1807 783 1890 euangelistae
803 1807 841 1871 de
861 1807 1036 1890 piscatione
1055 1807 1186 1870 uocatos
1206 1823 1260 1869 eos

124 1906 225 1973 dicunt
242 1911 321 1975 satis
339 1910 421 1976 inter
439 1931 475 1976 se
493 1912 725 1988 conuenienter,
744 1913 880 1977 maxime
895 1913 1058 1978 Mattheus
1077 1917 1110 1978 et
1122 1911 1260 1976 Marcus.

90 2032 188 2078 onam
208 2016 311 2081 Lucas
334 2016 492 2082 Andream
520 2037 581 2082 non
609 2019 761 2096 nominat,
791 2019 845 2101 qni
873 2022 979 2084 tamen
1007 2017 1203 2102 intellegitur
1229 2018 1262 2082 in

124 2139 155 2184 ea
179 2121 253 2186 naui
278 2123 378 2188 inisse
406 2125 583 2189 secundum
606 2125 743 2190 Matthei
770 2131 803 2190 et
830 2125 930 2190 Marci
957 2126 1178 2206 narrationem,
1207 2125 1262 2208 qui

122 2225 253 2292 breuiter
283 2229 344 2294 hoc
375 2231 603 2315 perstringunt,
634 2230 903 2314 quemadmodum
935 2235 1063 2314 gestum
1096 2232 1148 2307 sit,
1177 2230 1263 2314 quod

122 2333 216 2400 Lucas
240 2337 379 2420 apertius
404 2338 576 2419 explioauit
602 2355 852 2403 commemorans
876 2337 921 2402 ibi
949 2337 1045 2402 etiam
1073 2338 1262 2402 miraculum

123 2459 211 2525 snper
236 2454 369 2527 captura
394 2445 532 2528 piscium
561 2449 593 2510 et
621 2445 706 2528 quod
734 2464 770 2510 ex
798 2445 869 2529 ipsa
897 2445 970 2510 naui
999 2444 1145 2510 dominus
1174 2445 1262 2527 prius

88 2571 110 2611 s
125 2548 210 2614 luerit
230 2551 358 2617 locutus
382 2551 421 2616 ad
444 2552 563 2617 turbas.
591 2552 651 2618 hoc
676 2553 772 2617 etiam
797 2553 924 2618 uidetur
947 2551 1064 2618 distare
1088 2551 1172 2634 quod
1195 2553 1263 2616 teu·

123 2658 184 2719 tum
215 2657 308 2723 Petro
341 2679 361 2722 a
392 2658 519 2726 domino
563 2659 684 2724 dictum
724 2664 951 2725 commemorat
997 2679 1039 2725 ex
1077 2660 1150 2725 hoc
1185 2658 1261 2723 iam

123 2761 295 2829 homines
319 2765 400 2831 eris
425 2765 601 2849 capiens,
624 2766 709 2849 quod
726 2766 776 2830 illi
796 2766 950 2832 ambobus
970 2766 1120 2831 fratribus
1140 2765 1260 2830 dictum

123 2887 186 2935 esse
212 2876 386 2938 narrarunt
414 2873 471 2938 sed
498 2874 606 2956 potuit
632 2874 742 2956 utique
769 2874 860 2956 prius
888 2873 948 2938 hoo
971 2873 1065 2937 Petro
1090 2871 1162 2952 dici,
1188 2891 1261 2936 cum

202 3063 219 3115 4
238 3061 273 3116 cf.
290 3061 374 3117 Maro.
395 3062 497 3116 16-31
563 3062 580 3115 9
599 3060 633 3116 οἱ.
651 3061 712 3120 Ioh.
732 3063 758 3126 1,
776 3063 883 3116 35-44
944 3062 977 3116 13
997 3062 1148 3119 1111111111.
1168 3063 1193 3130 4,
1215 3065 1260 3124 183

125 3147 153 3201 es.
169 3148 250 3204 Marc.
271 3151 350 3216 1,16
406 3153 439 3206 15
459 3150 492 3204 cf.
510 3151 577 3205 Luc.
595 3153 623 3218 d,
642 3152 726 3207 1-11
785 3153 817 3205 21
838 3151 903 3207 Luc.
923 3154 948 3218 5,
970 3150 1003 3206 10

153 3254 323 3326 timagoram
341 3255 384 3321 Τί,
398 3256 539 3326 langorem
557 3257 622 3312 T²o
655 3259 763 3312 tiliam
776 3257 890 3313 BRTD
910 3259 959 3312 GP
979 3259 1093 3329 ONMQ
1107 3275 1184 3329 pyr,
1200 3276 1261 3314 eum

124 3347 165 3396 os.
203 3346 319 3415 4quacl
339 3361 421 3415 quam
434 3345 561 3400 amad
599 3346 757 3402 dcircuiret
774 3347 803 3400 B
820 3347 851 3402 F
866 3347 988 3412 HAEL,
1007 3347 1105 3402 iretO
1149 3347 1260 3402 dsocro

126 3430 176 3495 ΟΡ,
192 3451 282 3489 socrus
303 3434 327 3505 Q
381 3435 564 3490 duocaueret
580 3439 626 3504 (ue
643 3452 665 3489 a.
686 3437 717 3501 1.)
739 3437 770 3500 Ο,
789 3437 929 3492 uocauerit
940 3437 968 3491 P
1020 3439 1037 3492 9
1055 3437 1180 3492 iohannis
1202 3436 1264 3492 ΟΨ

124 3520 240 3588 galileam
259 3523 310 3578 ΟΡ
363 3524 398 3578 ld
415 3525 545 3579 iordanen
569 3524 624 3578 Vc'
642 3524 722 3595 ONQ
739 3526 779 3594 Η,
802 3525 952 3580 iordannen
973 3525 1028 3590 ΟΡ,
1047 3527 1205 3580 iordanueru
1224 3527 1261 3588 Β,

124 3608 250 3666 iordanem
267 3618 316 3668 cet.
424 3614 541 3683 primum
567 3613 647 3668 OPV
750 3615 887 3685 aequitum
911 3614 958 3679 13¹,
981 3621 1125 3686 sequutum
1148 3615 1189 3669 B²
1210 3615 1263 3670 ΟΝ

125 3698 199 3755 fusse
216 3701 305 3769 ΒΗΤ,
325 3718 387 3756 esse
405 3708 462 3770 cst,
481 3703 542 3758 edd.
636 3703 669 3758 la
688 3702 722 3758 de
740 3703 919 3774 piscationem
938 3702 978 3758 B¹
1068 3709 1180 3759 uocatos
1200 3709 1261 3771 (om.

125 3791 173 3855 eos)
190 3790 359 3857 HAELSU‚
384 3808 431 3847 eos
454 3796 567 3847 uocatos
588 3791 668 3848 OPV
774 3794 809 3849 14
832 3793 926 3848 dicant
947 3791 990 3847 Ρ]2
1011 3811 1045 3864 prr
1063 3811 1090 3849 m
1165 3813 1169 3821 *
1198 3809 1261 3847 con·

124 3878 251 3935 uenientes
268 3879 387 3951 ld²U²p
462 3882 495 3935 ld
514 3882 715 3936 sanctionibus
736 3883 786 3939 GP
855 3884 888 3937 17
907 3882 1143 3952 quemammodum
1162 3883 1189 3936 B
1209 3881 1266 3936 ΟΝ

125 3965 167 4036 sit]
184 3969 221 4023 sic
238 3969 275 4022 B¹
333 3969 366 4024 18
386 3970 517 4040 explicuit
533 3971 591 4025 BT
661 3969 873 4026 commemorant
892 3972 944 4026 sibi
963 3969 1090 4026 AE¹LU
1147 3972 1180 4026 19
1199 3989 1261 4040 cap·

126 4057 277 4114 mames
295 4058 357 4113 ΟΨ
441 4076 472 4114 ex
490 4075 543 4114 om.
561 4059 598 4124 Β,
617 4059 651 4114 de
669 4076 691 4114 a.
711 4061 729 4114 1.
747 4059 789 4113 Β2
877 4061 912 4116 22
931 4061 1048 4115 heminis
1068 4059 1122 4114 ΕΒ
1206 4060 1260 4129 1111]

127 4145 184 4198 odd.
200 4148 303 4202 scilicet
320 4149 417 4204 matth.
438 4151 466 4202 et
483 4163 590 4202 marcus
607 4149 696 4203 roei
786 4151 820 4204 23
839 4154 1018 4204 narrauerunt
1039 4149 1094 4215 ΟΡ,
1113 4152 1260 4217 narrautp

128 4231 183 4304 diri]
202 4235 300 4290 dictum
320 4253 379 4291 esse
398 4253 414 4291 r
